2917 4950
500 300 593 345 (X

902 326 1654 406 'cAsrsr'ANn'Rmi
2275 334 2424 415 491

103 552 113 561 “
224 530 579 605 Statuent
626 550 905 607 acervo
950 520 1411 605 fornicatum
1463 525 1706 605 saxeo
1725 584 1748 621 ,

222 648 541 722 Terram
592 640 1040 741 offerentes,
1092 669 1321 747 quam
1372 648 1740 723 volebant
1785 640 2430 792 sumere32'1065

224 766 753 843 Cerebrisorbi
800 768 941 841 filii
990 770 1165 865 apri
1212 766 1491 841 bellici.

326 884 485 959 Sed
532 886 861 959 filiorum
908 884 1481 961 Nauboleorum
1531 896 1830 983 petent

220 1002 521 1079 Nautae
570 1003 1011 1079 Temessam
1030 1056 1051 1095 ‚
1106 998 1255 1102 qu'a
1302 1006 1612 1101 iugosus
1663 1007 2074 1103 Lampetes

224 1122 531 1197 Illustre
584 1140 817 1197 cornu
868 1124 1184 1201 verticis
1229 1116 1615 1223 Hipponii
2169 1163 2176 1173 ·

226 1242 409 1317 Salo
462 1242 825 1316 tetendit:
876 1224 1168 1341 proque
1218 1240 1522 1317 Crissae
1575 1240 1894 1316 finibus·
1953 1258 1960 1265 ·
2225 1234 2444 1334 ’1070

226 1358 749 1435 Crotoniatem
800 1372 1249 1458 portuosum
1302 1362 1707 1457 pulverem
2187 1376 2196 1385 ·

230 1476 655 1553 Taurorum
706 1478 1033 1553 arabunt
1082 1478 1355 1553 ferreis
1405 1476 1884 1568 dentalibus,
1941 1490 1950 1499 ’
2049 1468 2058 1477 ’

228 1596 569 1670 Patriam
618 1598 973 1688 Lilaean,
1026 1610 1107 1670 et
1152 1596 1636 1673 Anemoreae
1689 1596 1894 1686 sola,

236 1712 708 1809 Amphissan
755 1724 837 1785 >et
886 1715 1415 1790 denium-antes
1465 1720 1694 1813 atque
1743 1714 1977 1805 Abas.

239 1831 519 1905 Setaea
568 1830 886 1920 misera,
932 1832 1243 1926 rupium
1295 1844 1371 1904 te
1426 1854 1618 1905 crux
1669 1844 1964 1924 manet,
2013 1879 2046 1931 '.
2255 1838 2446 1907 1075

237 1946 383 2023 Ubi
434 1948 806 2022 numellis·
844 1949 1421 2022 membrivincis
1473 1948 1746 2023 ferreis
2031 1948 2038 1953 ’

235 2062 544 2139 Misella
592 2069 849 2164 passis·
898 2061 1335 2165 compedita
1388 2066 1717 2139 brachiis
1775 2060 1785 2069 ’

235 2184 609 2275 Moriere,
661 2186 946 2263 heriles
999 2204 1185 2257 ausa
1237 2184 1522 2257 classes
1573 2204 1835 2275 urere,

140 2328 155 2336 ·
234 2302 366 2377 Ad
414 2292 732 2380 Crathin
782 2304 1117 2378 eiulante
1170 2305 1442 2399 questu
1493 2300 1881 2377 volturum

234 2422 541 2519 Rapina
588 2422 975 2521 pendens,
1026 2423 1369 2496 oscinum
1420 2421 1874 2500 voraciumz.
2035 2448 2040 2455 ·
2261 2430 2458 2502 1⁰80

239 2541 445 2633 Quin
496 2542 725 2615 sortis
774 2543 908 2614 ine
962 2563 1181 2616 mons
1232 2552 1409 2614 tuae
1465 2543 1975 2636 cognominis,

236 2661 470 2735 Ponti
520 2659 881 2758 procellis
928 2659 1383 2758 imminens,
1432 2659 1854 2736 vocabitur.

344 2779 637 2852 Tamen
681 2778 980 2872 Pelasgi
1030 2777 1132 2851 ad
1183 2777 1340 2851 alta
1394 2777 1832 2852 Membletis
1881 2777 2126 2874 vada,

240 2897 715 2994 Quicumque
766 2893 1125 2973 Corsicae·
1174 2895 1639 2993 appulerunt
1684 2897 2024 2989 insulae,

238 3013 796 3110 Tyrrhenicum
844 3016 1045 3089 ultra
1092 3035 1437 3094 murmur
1487 3011 1588 3086 ad
1635 3013 2025 3088 Lametios
2197 3021 2494 3096 ..1085-

238 3135 553 3208 Lucana
600 3133 993 3208 habebunt
1042 3135 1373 3230 gurgites
1420 3131 1755 3208 novalia.

237 3252 429 3326 Illos
477 3255 750 3327 ruinae
795 3253 1141 3352 duraque
1191 3252 1615 3357 infortunia

244 3371 591 3446 Moestos
642 3371 1072 3464 habebunt,
1125 3395 1284 3447 non
1331 3347 1710 3444 relaturos
1759 3367 2088 3467 pedem

246 3491 576 3589 Propter
623 3510 969 3564 mearum
1016 3494 1462 3590 nuptiarum
1509 3491 1673 3566 vim
1725 3500 2037 3565 trucem.
2217 3540 2225 3550 ι

349 3609 511 3685 Nec
564 3611 693 3707 qui
742 3621 1065 3708 penates
1116 3611 1528 3705 gestientes
1577 3619 1759 3707 post
1803 3621 2134 3707 petent‚·
2235 3610 2468 3692 ,1090

204 3729 754 3803 ‘Vitulationis
804 3730 1119 3827 pinguia
1168 3724 1591 3803 adolebunt
1635 3721 1888 3820 sacra,
2302 3756 2314 3768 ·

250 3847 845 3922 Redhostientes
895 3849 1214 3942 gratiam
1264 3849 1642 3921 Lucretio.

254 3967 453 4044 Nam
510 3979 629 4041 tot
676 3968 959 4058 ruiniS‚
1012 3979 1130 4040 tot
1176 3968 1401 4040 malis
1446 3966 1784 4055 Ericius‚

256 4087 409 4162 'rot
454 4088 906 4162 Martiorum
958 4089 1375 4182 coniugum
1412 4083 1764 4158 aedituas
1811 4103 2053 4158 nurus

258 4205 481 4280 Dolis
532 4207 861 4298 rotabit,
924 4230 1068 4282 nec
1116 4205 1339 4280 malis
1390 4201 1792 4299 navifraga
2276 4203 2467 4292 1095

258 4323 611 4400 Cessabit
658 4326 950 4424 ignium
1000 4295 1389 4402 excubans
1442 4321 1823 4413 custodia,

140 4481 147 4484 ·
266 4443 381 4519 Ob
431 4447 637 4520 caesi
688 4447 979 4523 alumni
1026 4445 1261 4538 fata,
1276 4465 1498 4545 quem
1553 4463 1820 4540 cespes
1868 4459 2134 4514 recens
