2917 4950
1365 652 1407 737 Ι
1462 650 1542 741 Ν
1597 654 1680 739 D
1735 650 1816 740 E
1868 650 1959 741 X

768 844 1638 949 M-YTHoLomcus
1686 846 1826 915 m·
1877 844 2580 916 msa-omens,-

1627 1183 1712 1251 A.

520 1284 829 1375 Acamas,
901 1308 1113 1363 Thesei
1178 1308 1329 1364 tilius
1386 1306 1494 1365 494
1547 1324 1636 1377 sq.

587 1383 724 1435 Eius
775 1392 1021 1431 amorem
1074 1376 1355 1443 Laodice,
1423 1376 1635 1429 Priami

588 1450 735 1513 tilia,
802 1446 950 1499 ultro
1002 1448 1173 1515 petit,
1234 1452 1405 1513 atque
1456 1460 1526 1497 ex
1565 1460 1635 1497 eo

512 1528 521 1537 '
589 1518 866 1571 Munitum
926 1514 1100 1565 filium
1163 1514 1397 1581 suscipit
1452 1511 1637 1567 495-

589 1586 710 1641 498.
762 1584 934 1635 Troia
960 1586 1277 1653 expugnata
1300 1583 1358 1631 in
1390 1582 1634 1649 Cyprum

586 1652 825 1705 insulam
898 1652 1078 1711 venit,
1160 1648 1351 1715 ibique
1413 1646 1636 1699 habitat

586 1736 637 1773 v.
672 1719 793 1774 494.
828 1718 954 1770 coll.
986 1716 1106 1772 447.

522 1788 780 1847 Achilles,
808 1785 958 1837 Pelei
991 1791 1049 1835 et
1069 1780 1325 1834 Thetidis
1352 1780 1636 1843 lilium-Ae-
1693 1806 1700 1811 ·

589 1856 676 1909 aci
706 1860 765 1907 et
790 1852 1021 1903 Doridis
1050 1864 1223 1917 nepos
1247 1850 1451 1917 860sq.
1479 1852 1634 1901 solus

506 1918 515 1925 ’
592 1940 625 1977 e
659 1926 873 1989 septem
929 1917 1185 1969 Thetidis
1220 1918 1349 1969 filiis
1386 1932 1453 1968 ex
1487 1920 1635 1985 igne,

590 2006 702 2061 quo
746 1993 929 2039 mater
962 1986 1207 2055 reliquos
1230 1985 1637 2049 combusserat,

506 2066 519 2077 ”
592 2062 849 2111 servatus
886 2060 973 2106 est
1006 2056 1107 2108 178
1132 2070 1217 2120 sq.
1284 2052 1508 2104 Dicitur
1538 2052 1638 2105 Pe-

510 2130 520 2137 ’
588 2126 835 2193 lasgicus
864 2118 1098 2188 Typho‚
1132 2124 1250 2173 sive
1278 2118 1636 2172 Thessalicus

592 2194 799 2263 Gigas,
860 2190 931 2241 ab
978 2190 1205 2239 immani
1254 2188 1636 2255 indomitaque

593 2264 643 2315 vi
694 2266 862 2327 atque
896 2256 1193 2309 ferocitate
1228 2262 1343 2313 177.
1406 2258 1638 2323 pariter-

591 2340 701 2399 que
748 2325 1245 2389 novemcubitalis,
1298 2322 1367 2374 ab
1422 2322 1636 2391 ingenti

593 2394 847 2463 corporis
898 2392 1278 2460 magnitudine
1329 2392 1449 2445 860.
1517 2390 1639 2441 Mu·

588 2464 755 2516 liebri
800 2466 958 2513 veste
1012 2462 1197 2512 tectus
1250 2464 1311 2510 et
1354 2458 1633 2510 lanificum

510 2526 523 2616 ἱ
586 2527 1201 2667 {222322022321233
1246 2525 1464 2647 ⁸:132«,
1483 2527 1638 2646 Ἓξ

540 2644 557 2658 s
1217 2630 1233 2656 2

590 2671 701 2718 iam
766 2664 872 2716 sibi
924 2663 1151 2714 fatalem
1202 2663 1286 2713 ire
1334 2670 1636 2730 cogeretur

516 2745 525 2752 ’
586 2733 904 2790 276—278.
997 2727 1337 2798 iphigeniam
1386 2731 1495 2781 sibi
1543 2731 1638 2782 de-

588 2797 946 2868 sponsatam,
1001 2812 1068 2849 ex
1118 2798 1315 2850 Aulide
1369 2797 1635 2850 divinitus

590 2872 915 2936 abreptam,
986 2879 1088 2932 per
1158 2868 1401 2934 quinque
1458 2881 1635 2918 annos

512 2939 738 2988 ''·intra
782 2931 1051 3000 Scythiae
1099 2947 1227 2984 oras
1276 2936 1527 3002 quaerit,
1577 2940 1637 2986 et

574 3003 927 3072 -Salmydesii
957 3003 1126 3052 niaris
1154 3003 1410 3064 insulam,
1438 3007 1636 3069 postea

588 3075 661 3126 ab
712 3087 780 3124 eo
832 3069 1279 3130 denominatam,
1352 3070 1635 3121 desiderio

591 3143 782 3194 uxoris
810 3138 907 3188 diu
949 3135 1169 3187 habitat
1196 3137 1297 3192 186
1315 3137 1511 3191 -194,
1530 3142 1636 3190 200

583 3225 673 3277 sq.
708 3219 717 3226 ·
754 3205 815 3257 ln
861 3205 1043 3256 insula
1095 3205 1326 3255 Tenedo
1384 3207 1632 3272 Cycnum

590 3291 713 3334 cum
753 3273 976 3334 liberis,
1016 3273 1171 3322 Tene
1215 3278 1273 3322 et
1314 3271 1632 3336 Hemithea,

516 3351 525 3361 ‘
590 3337 800 3396 occidit·
830 3343 932 3393 232
962 3355 1045 3406 sq.
1082 3339 1271 3406 ibique
1302 3342 1635 3391 monitorem

512 3411 521 3422 ’
588 3422 785 3473 suum,
824 3410 942 3476 ‘qui
1004 3405 1251 3458 officium
1290 3408 1635 3476 neglexerat,

589 3479 780 3548 gladio
816 3476 1093 3543 percussit
1119 3475 1433 3528 240-242.
1504 3476 1637 3526 Ulti-

590 3562 714 3599 mus
740 3545 1086 3596 Graecorum
1132 3556 1162 3593 e
1192 3543 1319 3593 navi
1360 3545 1417 3592 in
1440 3543 1636 3594 Troia-

588 3630 783 3666 norum
818 3617 1025 3662 terram
1068 3615 1223 3662 tanto
1262 3611 1475 3677 impetu
1511 3626 1636 3678 pro-

588 3684 773 3743 siluit,
827 3685 890 3730 ut
916 3678 1131 3730 sontem
1174 3679 1230 3728 in
1263 3676 1453 3730 littore
1489 3681 1633 3730 exci-

584 3756 735 3800 taret
770 3746 1088 3800 245-248.
1131 3745 1257 3796 coll.
1283 3747 1402 3800 279.
1474 3747 1632 3798 Troi-

584 3817 719 3880 lum,
756 3815 964 3866 Priami
1011 3814 1203 3878 tilium,
1237 3815 1448 3864 amavit
1482 3829 1631 3867 eum-

587 3899 715 3952 que,
760 3885 854 3951 qui
898 3897 1147 3932 amorem
1192 3887 1511 3947 recusaret,
1555 3881 1627 3934 ad

585 3967 741 4004 aram
784 3951 1051 4020 Apollinis
1101 3949 1403 4001 trucidavit
1440 3951 1626 4004 309-

584 4025 704 4075 313.
772 4021 909 4070 Cum
956 4017 1203 4068 Hectore
1251 4017 1631 4086 congreditur,

581 4102 863 4224 §3:22330
884 4100 1041 4203 ⁰1:1¹5ss
1050 4085 1628 4218 offibfissssegssit'Sf-'ffss'ss

596 4223 778 4277 -264,
816 4223 1059 4272 occisum
1089 4219 1292 4271 deinde
1319 4219 1626 4272 Hectorem

578 4292 764 4340 currui
806 4289 1095 4355 alligatum
1133 4287 1201 4337 ad
1230 4291 1416 4339 castra
1450 4285 1626 4339 trahit

574 4359 673 4410 265
688 4386 752 4395 -
766 4357 887 4412 268.
906 4359 1185 4406 mortuum
1200 4368 1405 4424 corpus
1419 4370 1622 4426 magno

1769 1309 1894 1361 auri
1925 1308 2175 1377 pondere
2198 1309 2472 1363 Troianis
2501 1308 2704 1361 vendit
2731 1309 2821 1362 269

1769 1376 2822 1513 3532?assssessisstffff'sszassssimpffi

1769 1513 1942 1581 ipsius
1964 1526 2199 1599 corum-e
2213 1512 2482 1565 Troianis
2511 1512 2819 1580 rependunt

1769 1586 1868 1634 271
1903 1596 1986 1648 sq.
2079 1578 2417 1645 Phersitem,
2473 1582 2548 1632 ob
2595 1580 2816 1631 crudele

1773 1649 1830 1698 in
1865 1647 2254 1700 moribundam
2287 1647 2710 1701 Penthesileam
2745 1648 2816 1697 lu-

1767 1715 2039 1778 dibrium,
2112 1714 2278 1767 hasta
2331 1716 2596 1769 confodit
2643 1719 2814 1771 999-

1769 1786 1924 1837 1001.
2005 1782 2242 1845 Quintus
2291 1782 2505 1835 dicitur
2569 1784 2812 1835 Helenae

1769 1851 2034 1913 maritus,
2075 1852 2132 1901 in
2174 1854 2392 1903 somnio
2435 1858 2662 1913 tantum
2705 1854 2811 1903 eius

1807 1916 2143 1970 ulcritudine
2209 1918 2528 1971 delectatus
2595 1924 2696 1974 172
2739 1934 2806 1985 sq.
2879 1968 2881 1977 ,

1768 1932 2808 2122 ἓῗ;.ε.τε“.ὲτ,.;··;·.ῑ.;,,ἳ;;.·τ.ἷξ.ῑε;

1770 2128 1904 2173 sunt
1927 2125 2046 2175 273.
2097 2120 2382 2188 Polyxena
2397 2148 2424 2183 ,-
2449 2123 2664 2175 Priami
2689 2124 2810 2183 lilia,

1771 2186 1844 2239 ad
1886 2188 2160 2239 tumulum
2207 2192 2330 2241 eius
2374 2192 2606 2241 victima
2639 2192 2812 2241 caedi-

1769 2262 1865 2307 tur
1887 2259 2202 2311 323—325.
2272 2258 2516 2309 Mortem
2551 2261 2674 2311 eius
2701 2259 2811 2308 Mu-

1769 2337 1868 2375 sae
1909 2323 2205 2391 deplorant
2257 2330 2584 2381 273—275.
2645 2334 2702 2377 et
2743 2326 2810 2376 fc·
2876 2360 2878 2377 2

1769 2392 1954 2443 minae
1993 2392 2354 2453 Crotoniatae
2393 2396 2700 2461 quotannis
2735 2409 2806 2443 so-
2876 2404 2878 2419 ⁵

1768 2459 1940 2512 lemni
1971 2460 2082 2511 ritu
2109 2460 2304 2528 lugent
2333 2462 2655 2518 859—664.
2706 2462 2805 2512 Me·

1769 2528 1932 2580 deam
1961 2529 2018 2579 iu
2043 2530 2240 2580 insulis
2261 2530 2560 2582 beatorum
2589 2545 2802 2582 uxorem

1767 2593 1942 2648 habet
1969 2595 2085 2650 174.

1700 2663 1927 2725 Adonis,
1954 2661 2221 2731 Myrrhae
2251 2665 2398 2716 filius
2411 2667 2520 2720 829
2545 2681 2634 2734 sq.
2673 2665 2802 2716 Gau-

1767 2746 1832 2784 ae
1853 2733 2038 2782 dictus
2069 2733 2216 2798 apud
2236 2735 2476 2800 cyprios
2489 2737 2614 2786 831.
2650 2733 2802 2785 luter·
2877 2777 2879 2784 .

1765 2799 1974 2852 fectum
2001 2791 2072 2850 ab
2102 2802 2314 2868 ingenti
2341 2815 2496 2866 apro,
2524 2801 2797 2852 Musaru-

1767 2867 2018 2930 insidiis,
2039 2867 2228 2918 Venus
2262 2868 2464 2930 deflet,
2495 2871 2598 2922 831
2613 2873 2794 2923 -833-

1700 2936 1931 2998 Aeetes,
1979 2934 2255 2988 Colchidis
2297 2933 2664 3004 Corinthique
2699 2951 2796 2995 rex,

1767 3002 2007 3054 Medeae
2061 3018 2128 3054 ex
2172 3003 2378 3071 Eidyia
2417 3011 2616 3070 pater,
2667 3007 2797 3056 misit
2878 3005 2879 3074 ξ

1767 3071 1861 3138 qui
1902 3071 2287 3137 Argonautas,
2341 3073 2493 3122 filiae
2533 3080 2797 3140 raptores,
2878 3135 2879 3140 Ἰ

1767 3145 2240 3206 persequerentur
2269 3141 2657 3196 1023—1026.
2878 3177 2879 3200 1

1700 3207 1985 3274 Aegeates,
2013 3205 2084 3256 de
2104 3208 2336 3258 Crimiso
2360 3207 2532 3258 fluvio
2563 3216 2625 3258 et
2641 3206 2798 3258 Phoe-

1765 3273 2120 3326 nodamantis
2151 3275 2266 3326 lilia
2295 3281 2460 3325 natus
2507 3277 2632 3330 963.
2697 3283 2799 3326 tres

1767 3341 1936 3392 urbes
1962 3343 2017 3392 in
2043 3341 2234 3393 Sicilia
2263 3341 2652 3398 condidit964.
2685 3343 2800 3409 Ely-

1765 3423 1950 3471 mum,
2007 3412 2254 3475 spurium
2297 3407 2578 3462 Anchisae
2623 3411 2801 3472 filium,
2875 3435 2877 3476 q

1765 3477 1822 3528 in
1853 3477 2095 3530 Siciliam
2126 3478 2442 3530 transduxit
2471 3480 2780 3534 965—967.

1696 3545 1946 3613 Aegeus,
1990 3541 2196 3596 Thesei
2227 3553 2418 3614 pater,
2463 3544 2642 3614 Gigas
2684 3546 2802 3597 dici-

1763 3619 1858 3664 tur
1883 3609 2004 3666 495.
2051 3615 2173 3664 eius
2211 3627 2367 3665 arma
2409 3613 2514 3663 sub
2543 3628 2686 3680 rupe
2720 3615 2801 3663 ab·

1762 3679 2016 3801 Jg‘ssdm
2045 3681 2194 3731 lilius
2232 3683 2432 3750 recipit
2457 3680 2566 3736 494
2578 3697 2663 3750 sq.
2685 3683 2797 3733 coll.

1831 3755 1840 3772 ‘
1919 3764 1945 3798 s
1989 3783 2002 3797 .

1694 3763 1991 3884 Aegialeaq,
2041 3812 2330 3866 Diomedis
2374 3829 2548 3878 uxor,
2609 3818 2795 3867 marito
2875 3833 2877 3876 ς

1764 3897 1794 3933 e
1829 3882 1978 3934 bello
2009 3884 2253 3934 Troiano
2285 3885 2463 3950 Argos
2506 3883 2703 3936 reduci
2731 3886 2796 3935 iu·

1761 3950 1934 4001 sidias
1960 3959 2124 4019 parat
2149 3951 2250 4003 612
2267 3951 2465 4004 —614.

1695 4019 1945 4082 Aeneas,
2001 4017 2236 4070 Veneris
2275 4018 2421 4069 iilius
2466 4017 2620 4071 1234.
2687 4035 2795 4070 eon-

1759 4086 2793 4236 32:552}zsssfrsfzzssiregsszffizz

1757 4220 2651 4355 {33323522‘5211‘3f{0¹33ss
2658 4233 2791 4340 ⁰535:

1757 4371 1788 4410 e
1803 4359 1990 4428 patria
2015 4357 2303 4412 auferendi
2329 4359 2598 4427 quicquid
2621 4359 2789 4418 vellet,
