2917 4950
906 311 1662 378 ΠΛΡΛΦΡΑΣΙΣ.
2283 311 2428 386 319

132 515 261 580 νης
330 490 583 579 Στυγὸς
648 491 729 560 τό
780 495 993 578 νᾶμα,
1070 489 1247 560 ὅπου
1302 487 1341 559 6
1396 491 1573 572 Ζεῦς
1629 490 1754 572 τὰς
1807 491 1941 560 τόν
1999 487 2432 583 ὁρκωμοσιῶν

129 596 286 670 τοῖς
322 586 717 680 α’φθάρτοις
751 597 945 672 θεοῖς
983 592 1325 681 καθέδρας
1367 590 1873 660 κατεσκεύασεν·
1917 589 2035 659 καὶ
2063 591 2186 672 τὰς
2216 614 2432 660 σπον-

128 691 269 768 669
324 686 679 758 ἀπαντλιῢν
719 697 861 769 τοῖς
895 695 1164 780 χρυσοῖς
1204 687 1558 779 ποτηρίοις
1600 690 1678 758 τό
1719 689 1932 784 ὕδωρ,
1981 691 2242 775 μέλλων
2279 689 2436 768 τούς

134 786 472 875 Γίγαντας
527 789 645 856 καὶ
696 791 853 868 τούς
904 793 1193 868 Τιτᾶνας
1241 789 1603 879 διαπερᾶν,
1657 787 1866 879 θήσει
1914 791 1996 880 τῇ
2034 786 2433 880 Περσεφόνῃ

136 889 265 955 καὶ
304 891 400 974 τῷ
436 889 777 980 ξυνευνέτῃ
818 885 1022 977 αὐτῆς
1058 889 1274 978 δῶρον
1300 885 1419 975 τὴν
1449 886 2020 976 περικεφαλαίαν,
2055 891 2138 980 τῇ
2173 891 2437 979 κορυφῇ

132 991 266 1055 τοῦ
318 987 545 1065 κίονος
592 983 1009 1076 ἐφαρμόσας.
1094 983 1482 1054 ,Ἀποκτενεῖ
1529 986 1606 1054 δὲ
1653 987 1776 1066 τὰς
1826 993 2006 1076 τρεῖς
2057 987 2438 1077 θυγατέρας

128 1090 259 1154 τοῦ
286 1083 441 1154 υἱοῦ
467 1083 582 1153 καὶ
622 1090 741 1173 τῆς
770 1086 1107 1174 θυγατρός
1136 1089 1255 1175 τῆς
1286 1081 1562 1171 Τηθύος
1587 1081 1918 1169 ,Ἀχελώου
1934 1135 1954 1167 ,
1994 1087 2148 1168 τὰς
2185 1082 2277 1154 όδ
2296 1087 2438 1165 οὖς

130 1187 291 1274 (sic)
332 1189 457 1272 τῆς
489 1186 800 1272 μελῳδοῦ
826 1183 1079 1274 μητρὸς
1114 1181 1544 1273 Τερψιχόρης
1573 1181 2082 1272 άναμαξαμένας
2112 1186 2228 1254 καὶ
2263 1181 2438 1253 α’να-

130 1285 565 1368 τυπουμένας
586 1288 611 1326 ¹
630 1333 647 1362 ‚
692 1289 840 1362 ταῖς
885 1280 1311 1361 αὐτοκτόνως
1352 1281 1592 1370 ῥιφαῖς
1627 1279 1762 1354 ὑπὸ
1801 1290 1922 1373 τῆς
1959 1283 2172 1374 ἄκρας
2207 1285 2438 1372 ἐξοχῆς

132 1386 315 1474 πρὸς
352 1385 433 1450 τὸ
474 1385 885 1469 Τυρσηνικὸν
922 1386 1101 1468 κῦμα
1138 1381 1253 1448 καὶ
1294 1379 1508 1468 ῥεῦμα
1549 1379 1930 1464 δυπτούσας
1965 1389 2108 1463 τοῖς
2145 1389 2437 1472 πτεροῖς,

130 1485 315 1552 ὅπου
352 1481 443 1552 τὰ
483 1485 613 1549 τῶν
638 1485 927 1570 Μοιρῶν
960 1481 1109 1549 λίνα
1132 1529 1149 1559 ,
1192 1474 1391 1567 ἤγουν
1426 1475 1470 1568 ἧ
1508 1482 1912 1570 πεπρωμένη
1954 1483 2168 1568 πικρὰ
2197 1485 2438 1570 Μοῖρα

126 1581 306 1668 ίίξει.
396 1581 541 1652 Καὶ
589 1579 711 1670 τὴν
749 1578 1211 1667 Παρθενόπην
1258 1579 1381 1646 τοῦ
1430 1577 1822 1664 Φαλάριδος
1861 1579 1940 1647 τὸ
1983 1585 2228 1664 τεῖχος,
2281 1575 2440 1667 ἤτοι

124 1681 167 1770 ἧ
216 1680 617 1759 Νεάπολις,
674 1677 1205 1768 ἐκβεβρασμένην
1244 1675 1287 1746 ὅ
1322 1701 1399 1746 τε
1448 1675 1696 1756 Γλάνις
1735 1677 2040 1761 ποταμὸς
2085 1683 2229 1758 τοῖς
2273 1674 2438 1770 ῥεύ-

127 1805 343 1868 μασιν
390 1781 658 1861 δέξεται
694 1777 947 1868 βρέχων
997 1777 1117 1866 τὴν
1166 1781 1305 1866 γῆν.
1374 1775 1552 1844 ὅπου
1601 1772 1820 1862 τάφον
1874 1776 1969 1844 δο
1983 1801 2084 1866 μη
2105 1800 2436 1858 σαντες,

124 1878 283 1972 ἤτοι
329 1877 897 1965 οἰκοδομήσαντες
934 1872 1003 1943 οἱ
1042 1874 1353 1996 ἐγχώριοι
1392 1877 1514 1962 τῆς
1551 1869 1784 1964 κόρης,
1841 1875 2106 1959 λοιβαῖς
2142 1901 2258 1946 και
2295 1883 2440 1946 θυ-

126 1982 321 2059 σίαις
362 1981 542 2064 βοῶν
582 1973 887 2064 ἐτησίαις
930 1970 1293 2054 δοξάσουσι
1330 1973 1451 2063 τὴν
1497 1969 1734 2042 οιωνόν
1773 1973 1948 2040 θεὰν
1985 1975 2104 2064 τὴν
2143 1981 2438 2068 Παρθε-

120 2079 369 2169 νόπην.
478 2069 621 2162 Τῆν
684 2074 759 2142 δὲ
823 2071 1269 2160 προκειμένην
1318 2069 1526 2162 ακτὴν
1581 2067 1682 2148 εἷς
1735 2072 1855 2157 τὴν
1903 2069 2262 2142 θάλασσαν
2317 2077 2440 2144 τοῦ

126 2174 593 2252 Ποσειδῶνος,
636 2166 787 2260 ἤτοι
818 2167 1231 2260 Ποσειδήϊον
1256 2167 1700 2261 α’κριιντήριον,
1739 2169 2108 2239 Λευκωσία
2137 2172 2436 2263 ριφεῖσα,

120 2284 247 2367 τὴν
306 2276 383 2355 ἐξ
398 2268 641 2394 Ἡαύτῆς
668 2268 1017 2356 ἐπώνυμον
1058 2270 1339 2361 πέτραν,
1398 2265 1552 2356 ἤτοι
1593 2269 1824 2356 νῆσον,
1863 2267 2280 2392 ἐποχήσεται
2321 2273 2440 2342 ἐπὶ

120 2371 343 2445 πολύ·
392 2395 569 2439 οπου
608 2367 647 2438 6
686 2368 1162 2457 σφοδρωτατος
1192 2369 1500 2455 ποταμὸς
1519 2364 1646 2447 Ἲς,
1690 2367 1806 2436 καὶ
1849 2363 1888 2436 6
1931 2366 2164 2455 γείτων
2185 2365 2436 2460 Λάρις,

120 2478 211 2545 τὰ
262 2469 544 2556 πόματα
584 2467 1039 2561 ἐξερεύγονται
1082 2493 1195 2537 και
1238 2463 1564 2551 εκχέουσι.
1645 2461 1736 2535 Ἡ
1765 2465 2024 2553 Λίγεια
2058 2468 2142 2536 δὲ
2181 2494 2282 2549 εις
2317 2496 2438 2560 την

126 2578 467 2661 Τέρειναν
522 2566 729 2636 πόλιν
782 2570 903 2656 τῆς
935 2563 1217 2645 Ἰταλίας
1254 2563 1614 2635 ἐκπλεύσει
1636 2570 1669 2611 ²
1712 2568 1828 2636 καὶ
1867 2566 2234 2657 ριφήσεται
2251 2618 2272 2651 ,
2321 2572 2440 2639 τὸν

121 2669 444 2742 κλύδωνα
500 2664 845 2755 νηχομένη.
940 2663 1205 2753 Ταύτην
1256 2664 1335 2733 δε
1382 2663 1456 2733 έν
1495 2670 1646 2743 ταῖς
1681 2666 1876 2733 ναυσι
1909 2664 2250 2748 βαίνοντες
2291 2676 2442 2751 ταῖς

118 2770 457 2861 ψάμμοις
510 2762 1011 2849 καταχώσουσιν
1062 2762 1133 2830 ἐν
1185 2768 1327 2841 τοῖς
1383 2759 1750 2850 αἰγιαλοῖς,
1825 2769 1972 2843 ταῖς
2027 2775 2440 2855 συστροφαῖς
2490 2786 2506 2801 ·

116 2875 247 2941 τοῦ
284 2862 645 2951 Ὠκινάρου
682 2863 999 2945 ποταμοῦ
1034 2858 1299 2948 γείτονα
1336 2860 1454 2927 καὶ
1493 2885 1801 2948 ομουρον.
1893 2858 2160 2932 Λούσει
2207 2868 2287 2935 δὲ
2321 2870 2438 2937 τὸν

116 2970 354 3058 τάφον
392 2968 535 3042 τοῖς
571 2956 859 3045 νάμασιν
900 2955 939 3027 6
977 2957 1245 3049 ἰσχυρὸς
1290 2953 1662 3046 βούκερως,
1721 2953 1874 3047 ἤτοι
1921 2958 2262 3048 ποταμός,
2317 2972 2438 3055 τῆς

116 3067 593 3185 ὄρνιθοποιοῢ
630 3062 947 3149 Σειρῆνος
982 3056 1390 3125 λευκαίνων3
1442 3060 1588 3133 τοῖς
1619 3053 1990 3179 ρεςύμασιν.
2061 3066 2165 3151 Τῇ
2203 3064 2436 3155 agmen

120 3170 201 3237 δὲ
268 3165 405 3231 τῶν
456 3156 767 3249 αδελφῶν
816 3160 957 3247 θεᾷ
994 3152 1419 3249 Παρθενόπη
1466 3154 1636 3223 ποτέ
1687 3150 1724 3222 6
1766 3158 2024 3245 κρατῶν
2063 3160 2180 3227 καὶ
2217 3186 2438 3245 αρχων

118 3262 367 3352 πάσης
404 3263 551 3349 τῆς
579 3259 972 3345 Ἀττικῆς
1010 3253 1371 3343 ναυαρχίας
1414 3257 1558 3332 τοῖς
1595 3253 1918 3323 πλέουσιν
1958 3256 2437 3341 λαμπαδοῦχον

114 3366 391 3451 βαλεῖ
446 3358 571 3438 εἰς
622 3384 769 3448 την
810 3352 1252 3423 θάλασσαν
1290 3349 1574 3443 δρόμον·
1627 3347 1706 3421 ὃν
1739 3349 1778 3421 6
1819 3355 1950 3421 τῶν
1991 3358 2436 3425 Νεαπολιτων

118 3461 301 3537 λαός
357 3454 671 3577 αύξησει,
736 3454 981 3533 οιτινες
1050 3452 1239 3541 παρὰ
1306 3454 1383 3519 τό
1446 3448 1822 3535 α’κύμαντον
1888 3450 2248 3537 σκέπασμα
2303 3460 2435 3525 τῶν

116 3561 363 3649 ὅρμων
404 3560 524 3623 τοῦ
550 3550 897 3641 Μισηνίου
935 3550 1203 3637 λιμένος
1238 3574 1323 3617 τα
1358 3546 1605 3637 τραχέα
1647 3544 2030 3639 ακρωτήρια
2067 3558 2424 3621 κατοικοῦ-

120 3684 263 3729 σιν.
360 3654 538 3733 Τοὺς
578 3650 861 3736 ανέμους
896 3648 1041 3721 δὲ’
1012 3676 1083 3718 εν
1122 3644 1311 3733 άσκῷ
1336 3646 1502 3731 βοός
1531 3645 2123 3733 συγκατακλείσας,
2164 3645 2434 3720 ὄπισθ-

119 3751 465 3849 ορμήτοις
516 3750 808 3837 βλάβαις
864 3745 1231 3834 ἀλώμενος,
1300 3749 1384 3837 τῇ
1451 3742 1829 3835 κεροιυνίη4
1890 3740 2170 3835 μάστιγι
2239 3772 2430 3838 συγ-

122 3845 923 3938 κατακαυθήσεται
978 3842 1016 3914 6
1074 3842 1313 3935 λάρος,
1386 3841 1586 3929 ἤγουν
1645 3838 1684 3911 6
1729 3839 2120 3923 Ὀδυσσεύς,
2195 3842 2436 3935 ἀγρίας

122 3958 339 4041 συκῆς
394 3944 903 4036 ἐπικαθήμενος
940 3940 1203 4031 κλάδῳ,
1256 3936 1453 4031 ἤγουν
1473 3942 1502 3985 ⁸
1556 3943 1656 4029 τῷ
1691 3937 1949 4028 πλοίῳ,
2005 3968 2194 4023 οπως
2231 3943 2436 4015 αυτὸν

234 4194 295 4261 1)
328 4192 468 4246 Cod-
504 4186 931 4265 ἀναμαξόμενος
969 4190 1065 4245 καὶ
1103 4184 1569 4259 ἀνατυπούμενος.

231 4278 293 4341 2)
326 4277 465 4329 eod.
499 4272 806 4331 ἔκπνεύσει.
1011 4274 1070 4341 3)
1104 4270 1240 4325 Cod.
1276 4274 1597 4325 λευκαίνειν.
1637 4268 1800 4322 (stent
1829 4270 1984 4343 ἴαμα.

228 4361 291 4425 4)
328 4360 468 4415 cod.
502 4365 817 4434 κεραυνίνῃ.
1004 4362 1065 4425 5)
1101 4356 1304 4425 Incipit
1334 4355 1470 4409 cod.
1503 4354 1600 4407 fol.
1627 4356 1713 4409 ⁵0.
1749 4364 1888 4407 rect.
