2917 4950
519 311 674 390 590
1079 309 1393 374 INDEX

521 495 668 550 Pom
681 531 700 560 ‚
735 493 896 548 Nelei
934 491 1052 548 mis
1067 531 1084 562 ,
1115 491 1324 546 mulier
1353 489 1639 560 inpudica

591 563 976 618 1385—1387.

1472 303 2261 370 nanoLomcus

1850 489 2130 608 stffmsst’
2156 483 2373 608 :Quo
2402 485 2695 540 mh*
2729 484 2823 554 ’ω’

524 634 788 693 Perseus,
817 629 967 682 lovis
1001 634 1061 682 et
1087 627 1313 680 Danaes
1342 626 1513 688 fliius,
1546 637 1643 676 au·
1704 618 2111 690 Polyphemus,
2158 621 2429 690 cyclops,
2472 623 2641 673 euius
2676 621 2823 673 inho-

591 701 785 766 rigens
821 701 942 754 838.
1011 695 1278 748 Mercurii
1313 695 1517 746 talaria
1588 707 1644 744 e·

593 773 712 819 atat
753 767 875 820 839.
969 763 1264 816 Medusam
1313 765 1503 830 capite
1588 775 1641 811 e·

593 839 754 886 secto
801 833 1024 884 necavit
1069 830 1172 886 642
1193 847 1279 900 sq.
1375 831 1501 881 eius
1554 841 1643 880 ca·

595 903 712 970 pite
763 897 1018 954 homines
1049 900 1104 952 in
1146 913 1282 950 saxa
1319 903 1503 950 mutat
1536 891 1643 950 844

593 985 682 1040 sq·
757 968 1006 1022 helluans
1059 969 1362 1030 mannans,
1407 965 1645 1017 cuisxex·
1706 955 2161 1028 Polysperchon‚

593 1037 783 1106 posita
831 1044 956 1088 erat
984 1033 1371 1096 Andromeda,
1422 1030 1647 1086 Aethio·

637 1119 728 1226 ul-
774 1107 926 1176 κείς
955 1104 1101 1168 filia,
1145 1101 1430 1156 interfecit
1457 1103 1643 1156 838-

528 1209 824 1338 Phemius‚
876 1255 1048 1325 Aegei
1081 1258 1278 1324 pater,
1327 1266 1467 1304 avus
1500 1247 1647 1304 The-

525 1323 865 1453 Ριιιὲιῗοὲῗιιῖἒζ
911 1390 1223 1450 Troianus,
1281 1385 1501 1448 Paridi,
1540 1383 1649 1436 La-

597 1460 994 1512 cedaemone-m
1049 1457 1120 1509 ad
1171 1455 1495 1522 rapiendam
1534 1453 1648 1504 He-

596 1528 797 1650 iver&
815 1526 1141 1595 profecturo
1155 1561 1174 1589 ,
1211 1539 1398 1585 naves,
1413 1521 1651 1574 fabrica·

536 1677 911 1742 Philoctetes,
964 1675 1230 1730 Poeantis
1273 1671 1449 1734 filius,
1507 1670 1649 1721 Her-

604 1749 783 1800 culem
841 1745 912 1798 ad
963 1745 1156 1812 Dyrae
1201 1742 1352 1794 fluvii
1385 1739 1539 1806 ripas
1574 1739 1652 1788 vi-

599 1831 730 1867 vum
773 1814 1107 1874 combussit,
1157 1814 1214 1862 et
1252 1823 1351 1879 pro
1389 1805 1650 1858 mercede

601 1898 794 1936 arcum
829 1897 950 1935 cum
977 1880 1202 1951 sagittis
1223 1879 1440 1944 accepit
1465 1875 1651 1930 916-

599 1953 721 2006 918.
803 1949 872 2002 ab
915 1945 1098 2015 hydra
1137 1961 1356 1999 morsus
1398 1948 1488 1995 est
1524 1945 1646 1998 912.

603 2015 862 2070 Paridem
897 2015 1180 2067 Minervae
1207 2030 1316 2082 ope
1343 2011 1501 2063 letali
1532 2010 1649 2061 vul·

602 2101 737 2138 nere
765 2086 1039 2138 sauciavit
1065 2085 1127 2138 61
1148 2079 1646 2138 -64.913—915.

509 2161 524 2184 ⁸
601 2153 742 2208 Post
781 2155 989 2206 Troiae
1026 2147 1299 2202 excidium
1339 2150 1394 2199 in
1428 2146 1649 2198 ltaliam

602 2221 756 2274 venit
812 2221 1129 2277 911—913.
1225 2217 1412 2285 ibique
1463 2215 1653 2266 Crimi-

603 2306 724 2344 sam
759 2289 974 2352 urbem,
1007 2301 1180 2356 prope
1219 2290 1539 2345 Crotonem,
1572 2283 1652 2333 in-

605 2359 798 2419 coluit,
835 2361 894 2409 et
931 2359 988 2408 in
1029 2355 1194 2416 bello,
1229 2352 1378 2422 quod
1412 2351 1493 2403 ibi
1532 2348 1653 2402 Pel-

602 2427 878 2483 leniorum
909 2423 1138 2488 colonis,
1167 2425 1262 2492 qui
1291 2420 1447 2491 prius
1474 2421 1529 2468 in
1545 2414 1653 2470 hac

603 2492 1461 2622 25:³¹3320023‘52525522‘aava
1487 2484 1653 2625 2213

607 2636 796 2692 stans,
833 2630 1052 2679 occisus
1087 2632 1173 2679 est
1205 2624 1521 2680 922—926.
1570 2638 1656 2675 se·

609 2699 798 2767 pultus
861 2700 949 2747 est
1008 2692 1079 2745 ad
1133 2691 1378 2745 crathim
1425 2690 1652 2742 fluvium

607 2769 712 2823 919
742 2780 826 2831 sq.
886 2767 944 2815 et
985 2764 1040 2813 in
1077 2760 1333 2813 Macallis
1384 2760 1649 2826 templum

607 2838 668 2887 et
711 2832 958 2883 divinum
995 2830 1205 2883 cultum
1240 2828 1438 2883 habuit
1471 2830 1652 2884 927—

543 2984 828 3046 Phoenix,
891 2984 1215 3050 Amyntoris
1260 2981 1440 3045 filius,
1507 2978 1657 3047 patri

611 3053 852 3107 maxime
913 3053 1156 3114 invisus,
1223 3057 1282 3101 et
1331 3048 1402 3103 ab
1453 3048 1657 3101 eodem

612 3126 948 3175 excaecatus
980 3119 1079 3173 421
1099 3116 1300 3170 -423.
1369 3112 1657 3179 Achillem,

647 3202 772 3242 uem
841 3202 1076 3255 puerum
1145 3185 1516 3249 educaverat,
1583 3182 1657 3236 ad

663 3258 840 3310 roiam
875 3260 1103 3306 secutus
1143 3260 1257 3315 est;
1295 3258 1422 3319 post
1459 3250 1545 3303 Ilii
1571 3265 1661 3305 ex·

613 3326 816 3377 cidium
853 3330 1040 3376 autem
1077 3323 1133 3373 in
1167 3320 1352 3373 reditu
1390 3320 1535 3371 obiit
1548 3356 1567 3384 ,
1600 3325 1660 3371 et

609 3396 801 3455 Eone,
849 3389 1126 3443 Thraciae
1177 3388 1348 3452 urbe,
1407 3387 1661 3457 sepultus

613 3467 701 3518 est
732 3460 829 3515 417
845 3458 1050 3513 -42o.

546 3542 1006 3604 Phoenodamas‚
1086 3540 1396 3601 Troianus,
1457 3538 1554 3606 qui
1600 3539 1658 3589 iu

616 3613 887 3665 concione
954 3611 1160 3677 populo
1221 3608 1536 3677 persuasit,
1594 3612 1659 3657 ut

613 3682 884 3741 Hesione,
919 3677 1321 3730 Laomedontis
1360 3674 1494 3739 iilia,
1531 3679 1658 3727 ceto

617 3754 994 3816 exponeretur
1039 3743 1358 3800 470—472.
1439 3756 1551 3811 qua
1596 3756 1659 3793 re

613 3818 792 3868 iratus
839 3828 939 3865 rex
988 3818 1104 3865 tres
1151 3809 1663 3863 Phoenodamautis

615 3885 758 3936 filias
825 3883 1010 3933 nautis
1060 3884 1121 3931 in
1175 3880 1404 3931 deserta
1435 3877 1675 3935 Siciliae'

613 3954 743 4005 loca
793 3949 1149 4003 devehendas
1195 3947 1434 3999 tradidit
1480 3950 1661 4002 952-

549 4023 834 4153 93³¹?ng
879 4084 1104 4153 Scyllae
1138 4088 1330 4151 pater,
1381 4096 1545 4149 quam
1590 4081 1661 4131 ab

616 4154 864 4209 Hercule
967 4155 1210 4205 occisam
1304 4152 1666 4203 resuscitavit

615 4224 684 4280 47
709 4240 794 4291 sq.

551 4292 886 4353 Podalirius,
921 4286 1234 4355 Aesculapii
1267 4286 1432 4348 filius,
1466 4286 1527 4337 in
1560 4286 1669 4337 lta·

619 4362 698 4413 lia
755 4372 931 4429 prope
980 4352 1298 4407 Calchantis
1343 4354 1534 4407 fanum
1584 4370 1669 4409 se·

1770 689 1975 757 spitale
2008 695 2221 741 tectum
2252 689 2487 756 ulysses
2522 690 2705 740 subiit
2724 693 2819 744 659

1770 759 1973 822 -6610
2053 769 2094 808 a
2148 771 2264 824 quo
2299 763 2641 809 excaecatus
2678 759 2817 808 diras

1774 825 1990 886 emisit,
2036 837 2177 892 quas
2222 829 2387 892 pater
2430 827 2589 887 eius,
2624 825 2819 894 Neptu-

1772 907 1910 956 nus,
1942 897 2099 943 ratas
2136 889 2277 944 tecit
2308 893 2407 946 765
2434 907 2523 960 sq.

2254 959 2623 1028 Epirotarum
2712 972 2821 1022 rex,

1774 1027 2081 1082 Herculem
2136 1026 2435 1080 Alexandri
2488 1027 2579 1078 Μ.
2614 1047 2621 1052 ·
2652 1027 2817 1078 filiun

1774 1096 1923 1148 inter
1952 1095 2147 1164 epulas
2180 1095 2391 1147 occidit
2422 1094 2752 1150 Sol—wi».

1708 1159 2031 1230 Polyxena,
2076 1162 2287 1214 Pria-i
2322 1163 2471 1225 lilia,
2516 1175 2555 1213 a
2590 1161 2822 1230 Neopto-

1772 1232 1923 1284 lemo
1962 1230 2035 1282 ad
2069 1227 2299 1283 Achillis
2330 1230 2619 1284 tumulum
2645 1233 2823 1282 inimo-

1777 1299 1897 1350 lata
1932 1301 2119 1352 323-
2138 1300 2255 1352 325.

1710 1365 1937 1428 Porces,
1976 1379 2210 1432 serpens
2240 1365 2337 1418 ille
2368 1361 2697 1417 horrendae
2728 1381 2829 1416 ina·

1822 1433 2122 1494 nitudinis,
2172 1433 2242 1483 ah
2288 1432 2551 1500 Apolline
2608 1449 2640 1485 e
2680 1435 2828 1500 Caly·

1780 1449 1907 1554 {nis
1946 1501 2140 1553 insulis
2176 1501 2405 1552 Troiam
2442 1503 2690 1564 missus,
2726 1517 2826 1569 quo

1778 1569 2125 1622 Laocoontis
2158 1568 2255 1618 lilii
2288 1570 2543 1636 perirent
2580 1569 2703 1623 347.

1714 1634 2069 1700 Praxander,
2134 1635 2420 1688 Laconum
2485 1636 2638 1698 dux,
2688 1639 2831 1705 igno-

1766 1704 1881 1757 -bili
1916 1719 2125 1773 genere
2160 1711 2339 1773 ortus,
2376 1719 2411 1755 a
2443 1706 2635 1756 Troia
2662 1706 2831 1755 redux

1780 1773 1839 1824 in
1892 1773 2076 1824 insula
2112 1772 2299 1840 Cypro
2342 1772 2613 1825 consedit
2660 1775 2831 1827 586-

1782 1842 1903 1895 591.
1936 1840 2061 1892 coll.
2096 1838 2407 1895 447—449.

1714 1907 2003 1971 Priamus,
2060 1906 2466 1960 Laomedontis
2518 1908 2712 1972 filins,
2772 1907 2830 1958 ab

1782 1975 2032 2028 Hesione
2050 1989 2245 2027 sorore
2266 1990 2334 2028 ex
2348 1976 2695 2044 captivitate
2724 1977 2831 2027 red·

1784 2049 1999 2106 emtus,
2054 2042 2309 2096 Priamus
2360 2043 2549 2094 dictus
2600 2051 2697 2095 est
2745 2049 2829 2097 337

1782 2114 1981 2166 -339.
2075 2112 2273 2163 Aesaci
2322 2113 2471 2163 vatis
2522 2112 2830 2174 oraculum,

1784 2179 1881 2246 qui
1930 2178 2221 2230 Hecubam
2280 2194 2393 2230 una
2458 2194 2591 2229 cum
2636 2179 2831 2230 Paride

1782 2246 2225 2299 interficiendam
2290 2248 2573 2310 iusserat,
2640 2250 2705 2298 in
2756 2263 2830 2314 pa·

1784 2315 1929 2366 triae
2000 2315 2300 2382 perniciem
2368 2316 2589 2381 sprevit
2662 2315 2829 2368 224-

1781 2385 1903 2438 228.
1952 2381 2147 2434 Cillam
2194 2397 2319 2434 cum
2366 2383 2483 2434 lilio
2522 2397 2733 2435 recens
2756 2399 2831 2434 na-

1782 2454 1843 2503 to
1886 2448 2190 2503 interfecit
2250 2453 2569 2506 319—322.
2671 2455 2831 2505 Troia

1785 2524 1954 2585 capta
2002 2518 2077 2569 ad
2128 2532 2285 2570 aram
2330 2518 2477 2572 lovis
2528 2534 2573 2570 a
2602 2519 2832 2589 Neopto·

1784 2586 1933 2639 lesno
1968 2587 2190 2638 occisus
2226 2592 2315 2638 est
2348 2588 2451 2641 335
2477 2601 2572 2654 sq.

1716 2650 2119 2776 Ρτοέιὸιὲιίιοιιε,
2166 2654 2347 2722 Iapeti
2393 2659 2453 2707 et
2484 2657 2666 2708 Asiae
2700 2656 2829 2707 filius

1718 2790 2057 2857 Proserpina
2070 2824 2088 2853 ,
2137 2802 2359 2839 sacrum
2410 2804 2633 2842 nemus·
2650 2789 2828 2843 hahuit

1790 2858 1847 2907 in
1898 2858 2235 2923 campaniae
2284 2857 2475 2909 littore
2528 2874 2715 2928 prope
2744 2862 2827 2910 Cu-

1788 2936 1911 2976 mas
1958 2926 2079 2978 698.
2434 2928 2532 2977 ina
2550 2944 2567 2977 ε
2635 2924 2825 2993 Acium

1788 2996 1908 3048 710.
1976 2994 2259 3051 Λέπτυνις
2296 2992 2383 3047 49.
2450 2992 2695 3069 Ὀβριμώ
2724 2999 2824 3051 698.

1790 3058 1991 3113 οὐδαία
2024 3055 2177 3129 Κόρη
2214 3060 2337 3115 698.

1722 3126 2087 3192 Protesilaus,
2120 3127 2467 3179 Graecorum
2500 3128 2829 3181 fortissimus

1790 3199 1910 3251 532.
1973 3198 2184 3263 primus
2234 3194 2476 3247 hostium
2529 3198 2603 3249 ab
2641 3200 2831 3251 Hecto—

1788 3276 1854 3315 re
1904 3266 1961 3315 in
1996 3264 2243 3315 Troiana
2287 3270 2447 3315 terra
2494 3267 2721 3317 occisus
2758 3271 2833 3317 est

1790 3334 1895 3385 530
1928 3347 2012 3399 sq.
2076 3333 2133 3382 in
2174 3328 2529 3384 Chersoneso
2554 3332 2833 3386 Thraciae

1724 3399 2310 3535 Ρτΐιξιιίἶιῗωὲἕέιιὸιίἓ
2324 3399 2509 3519 {123
2513 3503 2532 3531 ,
2586 3471 2837 3525 Torones

1792 3533 2074 3588 Thressae
2122 3536 2388 3598 maritus,
2440 3535 2717 3590 Pallenen
2770 3542 2838 3588 in-

1764 3604 2004 3666 'coluitg
2054 3602 2127 3652 oh
2176 3601 2450 3655 nefandas
2484 3612 2679 3656 autem
2714 3607 2837 3657 filio-

1792 3686 1914 3723 rum
1966 3670 2179 3737 (Tmoli
2212 3676 2271 3721 et
2304 3672 2609 3739 Telegoni)
2644 3673 2833 3725 facino·

1794 3754 1859 3791 ra
1910 3741 1965 3788 in
2001 3741 2315 3807 Aegyptum
2354 3740 2555 3801 rediit,
2609 3758 2722 3794 non
2757 3759 2833 3791 na-

1792 3807 1954 3857 vibus
2014 3822 2201 3869 usus‚·
2259 3806 2361 3859 sed
2426 3808 2629 3860 subter
2694 3826 2830 3862 mare

1792 3875 2038 3942 Neptuni
2092 3886 2199 3941 ope
2244 3875 2389 3925 viam
2438 3875 2692 3940 invenit,
2736 3892 2829 3945 qua

1794 3946 1853 3995 in
1891 3943 2129 4009 patriam
2158 3941 2369 3993 rediret
2394 3944 2497 3995 115
2516 3972 2581 3983 --
2602 3950 2718 3999 127.
2758 3947 2829 3995 lu-

1790 4012 2071 4061 atissimus
2106 4016 2231 4060 erat
2265 4010 2381 4063 128.
2422 4015 2483 4060 et
2510 4010 2722 4074 Paridi,
2766 4012 2827 4061 ad

1796 4079 2133 4146 Aegyptium
2192 4076 2350 4129 littus
2400 4076 2623 4143 delato,
2683 4081 2827 4131 Hele·

1800 4160 1928 4197 nam
1968 4146 2207 4213 eripuit,
2252 4144 2617 4199 simulac-rum
2658 4151 2707 4201 ei
2738 4162 2825 4217 pro

1798 4216 2128 4334 ipsp‘lgxore
2162 4213 2463 4265 subiiciens
2498 4220 2605 4271 130
2630 4234 2712 4287 sq.
2740 4217 2829 4270 142

1734 4348 2027 4413 Prothous,
2046 4346 2461 4404 Tenthredonis
2490 4350 2658 4417 iilius,
2676 4348 2833 4404 Thes·
