2917 4950
947 301 1497 376 murronis.
1986 346 1994 357 1
2150 337 2409 398 χω..

102 521 256 596 que
321 507 580 572 antem
641 493 938 572 oxonii
991 495 1078 574 in
1149 493 1611 573 bibliotheca
1670 494 2097 578 Manna
2160 527 2417 582 asser-

100 618 321 693 vari:
387 625 962 714 peropportune
1011 614 1328 707 accidit,
1375 628 1467 693 ut
1500 617 1707 694 inter
1742 616 2095 696 Parisina
2142 645 2413 698 exem·

97 735 356 834 plaria
399 735 946 834 reperirentur,
999 756 1318 832 quorum
1363 757 1513 832 ope
1564 732 1665 808 de
1714 749 1969 812 aenne
2006 752 2089 814 et
2114 743 2407 838 origiue

97 855 410 928 illorum
459 851 826 928 Codicum
871 851 1046 949 plus
1093 875 1318 951 quam
1364 850 1731 928 hariolari
1774 855 2001 932 nobis
2052 856 2339 934 liceret.

202 1119 250 1222 1
322 1135 599 1216 Codex
641 1133 1178 1229 Baroccianns,
1243 1157 1469 1236 quem
1520 1157 1679 1212 non
1730 1138 2121 1218 diversum
2172 1137 2403 1220 credo

93 1256 196 1329 ab
240 1258 402 1349 illo,
456 1258 586 1356 qui
621 1257 824 1333 inter
859 1256 1095 1332 libros
1131 1255 1639 1332 bibliothecae
1666 1257 2168 1337 Baroccianae
2201 1283 2408 1336 com-

92 1389 567 1452 memoratur
641 1377 726 1450 in
791 1373 988 1448 Pln‘l.
1067 1373 1461 1450 Tomasu'ni
1530 1374 1717 1450 Bibl.
1799 1377 2071 1455 Venet.
2140 1402 2217 1477 p.
2270 1387 2403 1454 ⁷1:

95 1492 625 1596 „Lympham
687 1491 944 1568 Poeta
985 1490 1499 1590 Astronomus
1558 1494 1730 1584 (sic)
1790 1521 1965 1570 cum
2032 1521 2403 1570 commen-

95 1614 307 1689 tario
359 1613 685 1712 antiquo
726 1612 810 1684 in
835 1612 1067 1686 bamb.
1095 1609 1257 1708 fol.
1299 1615 1525 1684 300.“
1576 1611 1803 1706 (hanc
1841 1625 2096 1688 autem
2135 1614 2405 1688 biblio-

96 1730 398 1804 thecam
458 1727 720 1803 Iacobi
777 1729 1089 1804 Barocci
1108 1783 1132 1822 ,
1197 1731 1509 1806 Patricii
1558 1725 1875 1822 Veneti,
1926 1744 2223 1806 constat
2267 1755 2405 1831 po-

97 1855 267 1922 stea
306 1869 450 1946 per
497 1845 870 1922 Thomam
921 1850 1276 1922 comitem
1321 1847 1925 1924 Arundelianum
1976 1851 2063 1924 in
2112 1850 2405 1926 Britan-

93 1969 310 2040 niam
382 1965 830 2039 translatam
891 1985 1097 2055 esse3
1170 1963 1329 2042 vid.
1391 1965 1522 2039 Ph.
1604 1965 1897 2040 Tomos.
1956 1965 2149 2041 Bibl.
2211 1967 2403 2042 Ven.

91 2109 172 2184 p.
221 2088 342 2157 64.
393 2081 673 2156 Blume
713 2084 865 2156 iter
909 2081 1076 2154 Ital.
1110 2079 1167 2153 1.
1212 2105 1289 2180 p.
1320 2085 1567 2172 210.)‚
1608 2094 1727 2156 est
1770 2081 1967 2158 liber
2010 2084 2403 2161 inferioris

88 2217 362 2296 notae,
427 2200 902 2296 gravissimis
972 2197 1695 2300 interpolationibus
1762 2200 2083 2298 aliisque
2152 2227 2407 2281 corru-

87 2322 326 2420 ptelis
374 2343 518 2418 per
565 2318 1108 2414 negligentiam
1157 2318 1453 2394 scribae
1505 2317 1744 2392 illatis
1786 2318 2265 2416 inquinatus,
2317 2322 2403 2395 in

91 2437 376 2539 quibus
413 2447 628 2511 tanta
677 2437 751 2509 ei
795 2447 914 2511 est
964 2459 1133 2513 cum
1182 2436 1382 2511 libro
1434 2435 1784 2511 Parisino
1829 2436 1923 2509 D.
1973 2437 2104 2512 vel
2140 2436 2223 2513 in
2262 2439 2403 2513 mi-

90 2558 334 2633 nimis
379 2554 608 2629 rebus
661 2554 1104 2651 similitudo,
1156 2569 1239 2631 ut
1284 2554 1636 2629 dubitare
1688 2576 1847 2629 non
1886 2556 2163 2654 possis,
2217 2560 2400 2656 quin

85 2677 310 2751 idem
355 2672 714 2747 librarius
757 2684 1154 2771 utrumque
1201 2698 1310 2749 ex
1357 2674 1632 2748 codem
1672 2673 2106 2772 exemplari
2140 2674 2400 2750 admo-

91 2796 281 2869 dum
329 2792 796 2889 negligenter
845 2788 1356 2887 descripserit.
1425 2792 1621 2867 Sunt
1670 2792 1877 2865 enim
1926 2792 2009 2866 in
2048 2790 2170 2867 his
2202 2817 2397 2893 quae

89 2917 239 2991 vix
289 2935 338 2987 a
389 2910 720 2987 diversis
768 2906 1206 2983 hominibus
1250 2905 1367 2982 bis
1401 2907 1676 2982 eodem
1709 2908 1941 2983 modo
1968 2924 2397 3008 peccentur.

91 3030 486 3127 Exempla
549 3048 784 3125 snpra
835 3025 1018 3101 dedi
1068 3048 1143 3124 p.
1188 3044 1352 3099 xm.
1449 3022 1641 3101 Cum
1694 3048 1881 3101 vero
1929 3025 2073 3099 hoc
2122 3030 2400 3121 gemel-

91 3152 258 3223 lum
327 3148 692 3221 librorum
758 3168 899 3243 par
964 3144 1390 3220 arctissimo
1463 3140 1849 3217 affinitatis
1918 3144 2225 3220 vinculo
2278 3169 2400 3219 co-

93 3268 414 3341 haereat
495 3288 662 3339 cum
727 3258 968 3339 Codd.
1031 3260 1250 3335 Barb.
1323 3260 1551 3336 Alex.
1616 3260 1773 3333 Pal.
1824 3265 1989 3333 139.
2045 3259 2396 3338 casanat.

91 3387 327 3461 chart.
369 3396 773 3483 praeterea
820 3382 1056 3456 etiam
1107 3403 1274 3453 cum
1320 3379 1489 3453 Par.
1528 3380 1617 3453 G.
1668 3378 1895 3451 vind.
1930 3378 2057 3452 IV.
2081 3380 2231 3455 Vit.
2264 3380 2395 3454 111.

91 3520 176 3579 et
239 3504 407 3577 Vat.
484 3506 736 3590 1451„
803 3522 992 3599 quos
1041 3499 1343 3573 saeculo
1396 3498 1695 3573 decimo
1742 3497 2005 3595 quinto
2059 3510 2394 3574 exeunte

94 3637 177 3699 et
253 3621 558 3695 saeculo
628 3618 926 3693 decimo
1009 3628 1240 3693 sexto
1295 3614 1392 3689 ab
1455 3609 1899 3691 Aristobulo
1962 3614 2393 3713 Apostolio,

95 3742 282 3839 (Vit.
300 3740 430 3813 ΙΙΙ.
463 3752 540 3812 et
554 3738 724 3811 Vat.
762 3732 1010 3829 1471.)
1040 3734 1368 3809 Arsenio
1383 3732 1806 3809 Aristobuli
1838 3734 2021 3824 filio,
2054 3733 2253 3829 (Par.
2266 3733 2393 3826 G.)

97 3859 432 3935 Antoni-o
464 3855 836 3947 Cretensi,
874 3852 1125 3950 (Barb.
1175 3864 1257 3926 et
1303 3850 1569 3949 Alex.)
1622 3862 1700 3925 et
1738 3850 2081 3925 Domitio
2131 3872 2393 3926 mona-

100 3979 242 4051 cho
293 3973 548 4069 (vind.
581 3970 740 4067 IV.)
787 3975 870 4045 in
908 3971 1164 4047 insula
1191 3969 1420 4046 Creta
1461 3981 1823 4045 exaratos
1866 3992 2035 4045 esse
2067 3970 2193 4045 vel
2222 3971 2396 4068 ipsa

98 4118 367 4171 eorum
429 4091 928 4189 inscriptione
979 4090 1426 4182 doceamur,
1490 4091 1619 4169 vel
1668 4090 1845 4163 aliis
1892 4086 2200 4163 indiciis
2248 4090 2395 4163 vix

94 4213 336 4291 (lubia
397 4213 828 4287 coniectura
889 4230 1415 4307 assequamur:
1494 4206 1679 4307 quid
1742 4205 2045 4281 obstare
2114 4215 2395 4301 potest,

95 4331 504 4435 quominus
546 4330 746 4409 hunc
797 4350 1096 4428 quoqne
1143 4328 1424 4404 librum
1468 4326 2033 4418 Baroccianum,
2080 4320 2395 4416 reliquis

1686 4463 1723 4507 0
