2917 4950
490 318 643 405 478
926 357 935 369 ·
1244 310 2020 389 chol’lmoms

506 512 519 546 ³
592 513 803 608 Quae
852 531 1007 587 non
1052 512 1423 602 Camena,
1454 512 1825 587 carnifex
1866 503 2460 603 bimembrium,
2511 530 2516 537 ·
2621 519 2752 588 670

589 634 885 709 Aetolis
932 644 1067 705 aut
1116 632 1413 707 Curetis
1434 684 1454 719 ,
1509 644 1716 705 artus
1765 630 2040 726 liquier
2489 649 2497 655 ·

590 749 959 825 suadebit
1002 772 1187 823 aura
1232 750 1650 823 flexanima
1696 751 2184 821 immemores
2235 747 2446 827 eibi?

587 870 732 942 Vel
780 889 1007 965 quam
1055 868 1387 941 ferarum
1429 888 1587 941 non
1631 866 1929 941 fibram
1973 864 2424 956 intuebitur,
2527 904 2534 909 ·

584 984 837 1063 Atrox
892 996 1280 1062 venenum·
1321 986 1524 1061 farre
1573 986 2026 1061 miscentem
2069 990 2464 1059 excetram
2485 1038 2507 1073 ,
2869 1001 2871 1085 ς

584 1100 1011 1204 Fatumque
1056 1102 1677 1179 monstriforme'!
1740 1100 1879 1176 sed
1928 1104 2339 1179 miserrimi
2385 1136 2397 1151 =
2599 1104 2746 1171 ’675
2870 1086 2871 1089 '

583 1224 881 1299 Sortem
928 1234 1316 1319 gementes
1362 1234 1588 1320 atque
1639 1220 1991 1318 palantes
2035 1220 2278 1311 haris,

584 1342 929 1417 Miscella
980 1361 1285 1438 semper
1332 1364 1501 1415 cum
1543 1339 1856 1437 polenta
1896 1340 2236 1411 floccium
2371 1374 2384 1391 ·

584 1458 829 1534 Acina
876 1460 1269 1557 fracesque
1322 1456 1828 1535 devorabunt:
1872 1466 2014 1529 -ast
2057 1478 2228 1528 eum

582 1575 881 1668 Herba,
933 1588 1157 1674 atque
1200 1576 1474 1651 Manus
1523 1572 1950 1651 vindicabit
1997 1561 2306 1665 obvius,

580 1694 1077 1770 Nonacriates
1123 1694 1442 1766 Viuulus
1492 1691 1806 1789 Triceps
1855 1692 2135 1784 Deus‚-
2623 1698 2752 1765 680

578 1814 681 1887 Et
726 1824 1194 1887 mortuorum
1243 1832 1478 1905 regna
1527 1810 1940 1885 descendet
1989 1829 2215 1900 cava,

580 1930 831 2028 Atque
876 1930 1205 2003 inferum
1255 1926 1553 2023 rogabit
1585 1930 1934 2025 ‘apricum
1985 1950 2338 2021 augurem
2356 1981 2379 2017 ‚

580 2048 842 2123 Coitus
888 2032 1245 2121 virorum
1280 2057 1359 2118 et
1405 2048 1860 2121 feminarum
1909 2046 2325 2133 conscium,

578 2165 885 2240 Umbris
927 2164 1172 2238 hianti
1216 2166 1658 2258 sanguinem
1711 2164 2070 2261 obsipans
2117 2163 2324 2254 solo;

578 2282 955 2379 Ensisque
1008 2294 1195 2355 trux
1244 2282 1674 2370 munimen,
1721 2284 2008 2355 inieris·
2039 2290 2328 2353 metum
2352 2334 2376 2370 ,
2621 2288 2748 2355 685

576 2402 940 2490 vibrans,
990 2410 1447 2471 trementum
1498 2420 1838 2471 murmur
1881 2396 2318 2474 umbrarum
2355 2398 2628 2476 ‘audiet
2667 2477 2672 2482 ,

578 2520 880 2593 Gracile
930 2515 1213 2590 caduca
1262 2515 1690 2590 succrotilla
1731 2517 2007 2591 fabula.
2035 2523 2062 2566 ²
2129 2527 2136 2534 '

576 2635 827 2732 Atque
878 2633 1056 2708 hinc
1113 2636 1518 2727 Gigantum
1573 2655 1763 2732 quae
1817 2637 2139 2710 lacertos
2181 2625 2440 2710 insula
2519 2707 2526 2714 .

578 2752 967 2845 Confregit
988 2804 1011 2839 ‚
1060 2761 1139 2822 et
1184 2749 1578 2848 Typhonis
1630 2765 1837 2827 artus
1889 2757 2364 2851 querqueri,·
2476 2770 2484 2779 ·

574 2868 873 2944 Adusta
916 2869 1241 2942 flammis
1284 2890 1450 2942 cum
1499 2894 1717 2945 mera
1763 2875 2384 2969 excipiet-rate3·
2447 2913 2481 2922 ·«
2595 2880 2759 2948 2690

578 2988 743 3077 Qua
790 3009 939 3060 rex
988 2987 1326 3060 Deorum
1375 2989 1703 3075 informe
1757 2989 2144 3064 clunarum
2169 2996 2199 3036 ²
2249 3013 2492 3086 genus

571 3105 663 3178 In
708 3107 945 3178 risum
998 3129 1259 3178 eorum
1308 3107 1698 3180 transtulit
1743 3107 2157 3199 coloniam,

574 3223 723 3314 Qui
770 3223 1145 3318 praelium
1188 3231 1505 3299 movere
1553 3226 1880 3298 Saturno
1931 3229 2174 3300 satis.-

572 3341 741 3414 Baii
790 3332 1131 3433 magistri
1182 3341 1586 3438 postmodo
1633 3341 1970 3435 bustum,
2029 3369 2252 3419 -casas
2309 3351 2358 3394 0
2436 3373 2456 3389 ⁴

571 3457 757 3531 Post
798 3459 1251 3553 praeteribit
1298 3459 1798 3553 Cimmerum,
1853 3475 1930 3536 et
1977 3463 2408 3538 Plutonium
2617 3471 2756 3540 695

570 3574 839 3671 Aquae
888 3577 1245 3674 procellis
1294 3579 1782 3652 fluctuantem-
1829 3583 2191 3674 gurgitem
2209 3637 2231 3674 ‚

574 3693 856 3783 Ossan,
910 3695 1285 3792 boumque
1333 3695 1662 3769 Viriati³
1723 3700 2033 3776 semitas

448 3834 453 3840 ·
573 3811 863 3884 Stratas
882 3865 902 3900 ,
952 3833 1371 3909 nemusque
1420 3813 1746 3887 Liberae
1795 3836 2032 3914 pusae
2083 3817 2416 3909 i-nferae3
2475 3834 2482 3862 ³

570 3922 1072 4030 Candensque
1122 3931 1447 4006 flammis
1497 3931 1776 4009 flumen
1793 3987 1817 4026 ,
1865 3947 2096 4033 atque
2139 3935 2276 4010 ubi
2324 3937 2610 4011 aetheri

474 4221 527 4256 v.
564 4204 689 4259 694.
755 4203 913 4256 Baei.

609 4356 665 4418 1)
698 4356 854 4410 tenui
888 4369 1025 4410 voce
1038 4393 1056 4422 ‚
1096 4355 1266 4421 Titia.
1433 4362 1494 4427 2)
1530 4359 1855 4426 simiarum,
1885 4361 2033 4420 Fest-
2193 4362 2252 4430 3)
2285 4363 2503 4419 robusti
2512 4395 2531 4430 ,
2565 4355 2702 4411 Non.
