2917 4950
692 316 1243 385 vuum-as
1272 316 1283 331 ·
1312 298 1911 389 Lecrloms.
2292 320 2439 396 345

158 522 259 565 sas
296 502 613 566 lectiones
654 491 1293 569 commutem}
1374 500 1572 569 Talia
1607 514 1676 567 et
1713 502 2076 587 detegenda
2115 516 2298 566 erant
2313 548 2336 581 ,
2377 516 2444 565 et

158 604 323 665 iusta
360 602 719 687 ignominia
756 606 835 667 in
874 602 1149 671 aliorum
1188 602 1564 691 exemplum
1602 604 1984 669 denotanda.

312 768 389 833 ln
430 770 869 835 Annotatione
908 772 1111 855 igitur
1150 768 1311 837 haec
1354 770 1482 835 duo
1521 771 1926 859 potissimum
1967 772 2072 857 egi
2085 815 2106 850 ,
2147 770 2444 857 primmn,

166 882 231 930 ut
280 866 398 931 illa
455 870 827 955 turpissima
882 872 1187 935 vitiorum
1249 872 1482 935 messis
1503 916 1524 949 ,
1593 868 1835 935 nullius
1903 870 2096 955 pretii
2165 892 2444 956 ususque

164 967 391 1031 nullius
409 1012 430 1047 ‚
486 981 727 1033 temere
768 982 957 1055 atque
994 972 1314 1035 immerito
1356 968 1480 1033 huc
1519 967 1710 1033 illata
1728 1012 1748 1047 ‚
1803 990 1970 1033 nunc
2018 969 2304 1049 tandem,
2346 972 2446 1033 in-

161 1069 365 1131 dicato
390 1066 626 1155 ubique
660 1072 897 1133 erroris
928 1069 1145 1151 fonte,
1184 1068 1671 1157 profligaretur;
1714 1069 1970 1149 deinde,
2012 1083 2084 1132 ut
2107 1068 2190 1133 de
2218 1068 2446 1136 lectio-

158 1165 339 1231 nibus
416 1167 551 1231 illis
606 1166 1069 1253 marginalibus
1086 1216 1109 1251 ,
1178 1191 1341 1257 quae
1408 1170 1662 1257 priores
1699 1168 2052 1235 Editiones
2115 1168 2448 1253 exhibent,
2568 1164 2574 1169 ’

162 1280 459 1351 quantum
513 1264 659 1331 fieri
716 1282 969 1353 posset,
1033 1270 1390 1333 certissime
1441 1282 1785 1333 constaret.
1883 1266 1986 1333 De
2031 1269 2258 1357 quibus
2307 1294 2452 1335 cum

167 1366 470 1431 Cantetus
512 1368 580 1433 in
617 1365 1103 1453 Prolegomenis
1144 1370 1462 1433 dixisset:
1525 1412 1572 1449 ,‚
1587 1362 1760 1445 Quin
1796 1374 1996 1433 etiam
2037 1376 2108 1435 in
2151 1372 2452 1455 ceungeu-

162 1466 257 1529 dis
295 1467 721 1555 undequaque
759 1474 971 1535 variis
1022 1466 1407 1535 lectionibus
1422 1510 1444 1547 ‚
1499 1488 1667 1554 qvae
1707 1476 2061 1553 marginem
2107 1481 2453 1556 occupant,

158 1572 399 1633 curiosa·
434 1588 575 1633 ene
615 1570 963 1649 voluimus,
1012 1575 1264 1655 partin·
1304 1578 1381 1635 ut
1429 1570 1583 1633 aliis
1625 1569 1879 1655 aliquid
1915 1571 2294 1637 inveniendo·
2327 1592 2458 1637 une-

156 1668 277 1731 It'ue
335 1674 737 1734 occasiones·
780 1668 1245 1755 praeberemus
1258 1712 1279 1747 ‚
1344 1674 1602 1755 partin
1657 1678 1734 1734 et
1792 1676 1983 1737 varia
2041 1674 2458 1759 corruptelae

156 1768 455 1853 exempla
512 1774 583 1833 iu
644 1766 766 1833 hoc
826 1774 1029 1837 etiam
1084 1790 1281 1856 opere
1298 1813 1321 1847 ‚
1380 1779 1457 1835 u!
1515 1775 1588 1833 iu
1641 1768 1945 1836 Aristide
1995 1772 2269 1849 factm
2325 1782 2454 1855 ent,

162 1875 347 1951 quan·
397 1868 605 1953 dagila
662 1870 1164 1937 ecrandae-m.
1178 1875 1221 1910 ‘⁶
1280 1904 1365 1919 --
1444 1882 1746 1935 constans
1815 1870 2022 1935 adhue
2079 1885 2221 1937 erat
2285 1876 2455 1961 apud

158 1970 378 2034 doctos
420 1971 679 2055 opinio,
743 1990 857 2035 eas
896 1972 1235 2035 universas
1292 1990 1335 2033 a
1376 1966 1658 2033 Cantero
1703 1969 2010 2035 collectas
2049 1992 2126 2035 ac
2167 1973 2458 2059 digestas

156 2090 319 2133 esse.
410 2068 883 2155 Pervestiganti
941 2082 1157 2137 autem
1210 2067 1373 2135 mihi
1424 2066 1732 2155 pleraque
1779 2071 2026 2149 omnia,
2077 2072 2246 2137 unde
2285 2076 2454 2139 veri-

158 2167 371 2233 simile
420 2181 560 2233 erat
604 2168 955 2235 Cantatum
1006 2168 1177 2235 hunc
1221 2170 1548 2235 variarum
1589 2166 1938 2233 lectionum
1977 2170 2260 2237 indicem
2299 2194 2454 2239 con—

158 2270 445 2348 cinasse,
488 2270 799 2355 primum,
842 2292 989 2335 cum
1026 2268 1201 2335 haud
1240 2270 1488 2352 exigua
1529 2288 1746 2331 earum
1773 2290 1925 2355 pars
1952 2271 2020 2333 in
2049 2270 2240 2335 editis
2268 2270 2454 2337 libris

153 2388 287 2431 non
336 2370 772 2449 inveniretur,
831 2391 961 2435 non
1018 2369 1188 2436 levis
1241 2369 1530 2455 suspicio
1583 2366 1858 2431 subnata
1914 2381 2048 2449 est,
2107 2370 2452 2437 Canterum

157 2491 267 2532 eas
326 2468 605 2534 fortasse
660 2493 750 2534 ex
805 2468 937 2536 alio
992 2470 1269 2550 Codice,
1336 2489 1528 2557 quam
1581 2471 1764 2534 cuius
1816 2465 2132 2536 lectiones
2183 2468 2456 2536 scol-'sim

154 2570 593 2650 indicaverat&
634 2571 829 2634 tacite
871 2571 1335 2657 desumpsisse3
1378 2581 1608 2656 postea
1633 2590 1790 2632 vero
1806 2614 1826 2648 ‚
1869 2571 2104 2657 quippe
2131 2593 2274 2638 cum
2307 2574 2457 2638 talis

156 2669 561 2754 negligentia
602 2671 723 2734 vix
766 2670 997 2735 cadere
1036 2671 1363 2734 videretur
1401 2670 1474 2732 in
1513 2667 1836 2734 hominem
1872 2671 2456 2757 prudentissimum,

158 2791 373 2832 meum
414 2792 495 2833 ea
539 2771 621 2834 de
662 2791 733 2834 re
772 2771 1083 2834 iudicium
1122 2769 1377 2851 distuli,
1430 2789 1634 2856 nsque
1686 2769 1836 2833 dum
1877 2771 2226 2848 editionem
2276 2769 2458 2840 Pari-

157 2873 373 2934 sinam
428 2869 483 2934 I.
502 2915 523 2950 ‚
594 2871 837 2934 tamdiu
892 2867 1354 2948 desideratam}
1420 2869 1644 2932 videre
1701 2881 1888 2954 atque
1945 2870 2254 2938 excutere
2299 2875 2460 2940 mihi

156 2971 565 3054 contigisset.
685 2967 874 3046 Quod
929 2972 1328 3049 rarissimum
1381 2967 1719 3053 exemplar
1771 2989 1938 3032 nunc
1995 2973 2251 3036 tandem
2311 2988 2458 3040 ante

158 3091 411 3156 paucos
448 3069 589 3133 dies
626 3069 987 3134 liberaliter
1024 3070 1183 3134 mihi
1222 3069 1528 3134 utendum
1571 3069 1890 3132 concessit
1927 3067 2052 3134 Vir
2085 3069 2458 3140 Illustrissi-

158 3192 305 3236 mus
321 3217 341 3249 ‚
383 3167 672 3237 Ioannes
716 3169 1057 3238 Schulzoiu
1071 3217 1093 3250 ‚
1136 3193 1261 3258 quo
1306 3167 1624 3256 singulari
1651 3167 1968 3233 beneficio
2009 3173 2208 3235 mein
2235 3173 2356 3239 hac
2389 3198 2460 3238 re

156 3269 440 3335 mirifice
497 3273 780 3335 adiutum
835 3295 979 3336 esse
1028 3275 1393 3358 gratissime
1446 3281 1666 3334 testor.
1767 3267 2064 3355 Inspecto
2123 3273 2295 3336 enim
2337 3273 2464 3339 hoc

156 3370 374 3450 libro,
433 3373 543 3458 qui
598 3373 1001 3458 undeviginti
1054 3395 1256 3436 annos
1310 3383 1459 3436 ante
1504 3367 1767 3434 canteri
1813 3371 2160 3435 editionem
2198 3375 2460 3460 prodiit,

162 3491 296 3534 non
340 3471 615 3557 amplius
652 3486 790 3536 erat
830 3473 1162 3538 dubitandi
1201 3475 1404 3539 locus.
1492 3471 1990 3558 Conspiciuntur
2031 3470 2126 3536 ibi
2171 3475 2364 3537 etiam
2395 3478 2460 3542 in

160 3573 461 3654 margine
506 3573 797 3638 adiectae
836 3573 1187 3654 lectiones,
1232 3595 1500 3661 quarum
1535 3584 1782 3658 partem
1823 3591 1913 3636 ex
1949 3569 2192 3636 Aldina
2233 3588 2300 3637 et
2336 3575 2462 3640 Ba-

158 3672 442 3736 sileensi
482 3670 536 3736 1.
594 3673 907 3737 desumsit
960 3675 1187 3738 Editor
1204 3719 1223 3753 ‚
1291 3679 1506 3760 (quem
1560 3673 1852 3756 suspicor
1901 3669 2106 3733 fuisse
2148 3668 2464 3742 Ioannem
2559 3674 2569 3683 “

156 3771 498 3839 Auratum
538 3769 1047 3862 [1508—1586]
1092 3777 1271 3838 cuius
1311 3776 1380 3838 in
1416 3775 1632 3836 fronte
1673 3769 1826 3834 libri
1860 3769 2098 3855 legitur
2129 3773 2464 3862 Epigram-

164 3895 271 3935 ma
333 3875 405 3936 in
460 3871 979 3956 Lycophronem)
1039 3875 1319 3960 reliquas
1362 3886 1574 3936 autem
1617 3891 1705 3934 ex
1753 3867 1914 3934 Cod.
1959 3867 2233 3938 Parisin.
2275 3879 2461 3950 2840.

168 3973 349 4056 (Par.
394 3971 512 4052 K.)
558 3973 922 4057 depromtas
964 3998 1106 4039 esse
1149 3975 1287 4038 veri
1328 3971 1405 4037 fit
1444 3970 1840 4036 simillimum
1881 3992 1970 4034 ex
2006 3971 2091 4035 iis
2131 3973 2318 4058 locis,
2359 3977 2470 4042 ubi

162 4074 619 4157 discrepantes
662 4076 1015 4160 scripturae
1058 4079 1126 4138 in
1172 4073 1315 4138 solo
1358 4073 1482 4136 hoc
1527 4071 1767 4136 Codice
1809 4073 2239 4140 inveniuntur.
2298 4077 2468 4142 Vide

157 4172 347 4234 infra
396 4171 476 4232 ad
518 4193 622 4236 vv.
658 4176 761 4243 95.
805 4177 951 4243 275.
995 4177 1140 4244 633.
1186 4177 1330 4244 867.
1378 4171 1560 4241 1045.
1618 4172 1700 4235 cf.
1749 4172 1940 4234 etiam
1983 4195 2088 4236 vv.
2137 4177 2280 4244 103.
2326 4179 2465 4246 163.

156 4275 325 4341 502.
386 4273 533 4340 517.
586 4274 731 4341 579.
793 4275 938 4342 678.
998 4277 1140 4343 743.
1202 4273 1345 4343 784.
1406 4273 1550 4342 786.
1607 4269 1752 4339 864.
1809 4273 1954 4342 996.
2035 4273 2218 4340 1282.
2285 4277 2466 4345 1294.

164 4371 369 4443 1463.
456 4369 651 4437 Hanc
690 4371 1164 4470 collectionem
1215 4376 1309 4437 ita
1352 4375 1538 4437 auxit
1579 4367 1930 4450 Cametas,
1984 4381 2056 4430 ut
2097 4391 2227 4432 non
2269 4374 2476 4439 solum
