2917 4950
504 326 652 399 346
1032 315 1578 389 VARIRTAS
1641 320 2264 389 bannonis.

500 509 719 594 plures
770 509 1057 575 eiusdem
1116 508 1379 574 Codicis
1430 507 1748 575 lectiones
1772 512 1836 590 ⁸)
1868 510 2294 589 :madmena
2353 511 2486 575 vid.
2533 531 2641 574 vr.
2681 514 2775 579 30.

498 614 602 680 55.
660 611 764 679 64.
818 614 921 681 92.
978 612 1121 679 159.
1171 612 1312 680 wo.
1358 613 1504 677 212.
1549 612 1694 681 2³8·
1735 612 1885 683 430.
1932 615 2114 678 1152.
2161 614 2346 683 ¹390.
2393 609 2620 689 1⁴44„
2677 612 2779 673 sed

500 713 692 775 etiam
711 756 730 788 ,
788 710 1087 797 quicquid
1142 710 1564 795 discrepantis
1611 712 1962 795 scripturae
2019 711 2184 795 apud
2229 707 2628 795 Stephanum
2665 706 2777 791 By-

497 812 855 888 zantinum,
898 808 1317 889 Favorinum,
1358 811 1552 896 inque
1581 808 1902 895 prioribus
1932 808 2130 873 Editt.
2177 823 2242 871 et
2275 806 2564 873 Tzetzae
2601 807 2777 872 Com-

496 912 807 974 mentario
862 907 1425 994 deprehendisset,
1486 908 1554 971 id
1607 906 1954 993 diligenter
1996 912 2066 973 in
2106 910 2394 993 margine
2435 921 2777 985 notaretur,

495 1011 750 1075 omissis
791 1022 1002 1075 tamen
1044 1008 1370 1089 omnibus,
1413 1030 1575 1095 quae
1615 1008 1957 1073 manifesto
1998 1006 2168 1073 falsa
2210 1020 2278 1071 et
2313 1008 2575 1071 inutilia
2611 1009 2774 1071 vide·

491 1123 729 1174 rentur.
822 1108 1115 1173 Contulit
1154 1110 1349 1173 etiam
1394 1108 1593 1171 alium
1631 1105 1970 1189 codicem,
2032 1110 2213 1171 cuius
2251 1106 2576 1173 lectiones
2615 1128 2766 1171 seor-

490 1212 613 1275 sim
668 1230 707 1271 a
763 1208 1029 1296 reliquis
1072 1206 1369 1273 exhibuit
1384 1254 1403 1287 ‚
1456 1210 1602 1295 qui,
1661 1209 1791 1271 nisi
1845 1230 1949 1272 me
1994 1208 2362 1272 coniectura
2398 1206 2580 1272 fallit
2595 1252 2615 1285 ‚
2665 1204 2764 1269 fuit

489 1308 655 1372 liber
690 1306 1019 1372 Parisinus
1061 1328 1155 1371 nr.
1199 1306 1385 1377 2724.
1430 1306 1602 1391 (Par.
1637 1306 1752 1389 D.)
1817 1304 1974 1373 vid.
2015 1308 2186 1372 infra
2226 1308 2306 1371 ad
2349 1328 2413 1370 v.
2443 1306 2595 1376 380.
2637 1303 2764 1373 461.

486 1408 631 1479 475.
678 1410 822 1478 758.
870 1409 1052 1477 1027.
1138 1404 1413 1493 Reliqua
1455 1428 1575 1470 suo
1609 1430 1896 1495 quaeque
1933 1407 2080 1471 loco
2119 1405 2594 1471 indicabuntur.
2649 1402 2767 1468 Το-

488 1525 620 1573 tam
674 1506 841 1573 hanc
909 1508 1197 1571 criticam
1258 1507 1804 1593 suppellectilem,
1871 1528 2217 1593 suppresso
2258 1520 2470 1571 tamen
2517 1504 2764 1569 Canteri

488 1610 771 1687 nomine,
808 1609 943 1671 suis
972 1606 1200 1692 opibus
1228 1608 1664 1671 adiunxerunt
1686 1605 1986 1671 Potterus
2015 1628 2088 1670 ac
2105 1606 2563 1679 Sebastianus3
2605 1606 2768 1689 prior

486 1707 740 1793 quidem
780 1709 909 1785 ita,
954 1718 1027 1768 ut
1067 1727 1157 1769 ex
1188 1705 1654 1791 antiquioribus
1686 1707 1911 1785 Editt.‚
1952 1704 2344 1770 Meu‘rsianis
2376 1706 2764 1791 praesertim,

486 1820 553 1869 et
610 1806 739 1870 Iac.
796 1804 1011 1869 Lectii
1064 1802 1468 1869 collectione
1512 1804 1767 1869 Poetar.
1825 1804 2130 1869 Graecor.
2187 1803 2271 1870 T.
2312 1804 2400 1870 ΙΙ.
2465 1828 2528 1890 p.
2568 1806 2767 1873 140——

486 1908 628 1974 162.
652 1952 671 1983 ,
738 1902 925 1968 libris
984 1905 1519 1990 inquinatissimis
1537 1953 1558 1987 ,
1624 1906 2050 1971 vitiosissima
2101 1923 2388 1991 quaeque
2445 1908 2588 1969 sine
2641 1904 2766 1967 ullo

484 2004 738 2067 delectu
788 1994 1126 2078 adiiceret;
1190 2004 1353 2068 alter
1410 2019 1658 2087 autem,
1715 2007 1911 2069 etiam
1969 2026 2049 2069 ea
2081 2007 2152 2067 in
2194 2027 2264 2067 re
2307 2005 2574 2068 Pottero
2613 2005 2764 2067 infe-

483 2106 654 2181 rior,
716 2104 917 2188 quod,
970 2104 1139 2167 unde
1181 2102 1340 2167 haec
1384 2118 1694 2191 congesta
1737 2118 1985 2184 essent,
2038 2106 2350 2184 nesciret,
2411 2103 2764 2167 incredibili

484 2204 749 2266 levitate
796 2204 1043 2285 effecit,
1086 2216 1163 2267 ut
1202 2218 1341 2268 tota
1382 2202 1542 2267 haec
1581 2205 1841 2287 farrago
1873 2204 2392 2289 prudentioribus
2425 2226 2615 2289 quam
2642 2226 2762 2268 ma·

482 2306 659 2366 xime
698 2304 945 2367 incerta
988 2326 1063 2367 ac
1104 2302 1345 2367 nullius
1382 2301 1538 2384 fidei
1585 2323 1729 2366 esse
1772 2304 2116 2367 videretur.

641 2470 955 2555 Equidem
1010 2470 1275 2534 editoris
1336 2491 1484 2536 esse
1539 2472 1954 2549 existimavi,
2015 2482 2086 2534 ut
2145 2469 2296 2534 huic
2343 2472 2762 2548 incommodo,

479 2583 781 2655 quantum
836 2582 1093 2653 posset,
1158 2571 1540 2635 mederetur.
1654 2571 1859 2655 Igitur
1915 2584 2112 2634 totam
2171 2569 2336 2634 hanc
2349 2570 2588 2637 ›telam
2644 2593 2757 2635 non

476 2671 617 2732 sine
686 2689 933 2733 summo
983 2670 1199 2734 taedio
1258 2673 1554 2750 retexui,
1630 2684 1698 2734 et
1743 2673 1816 2736 in
1873 2671 2290 2756 expiscandis
2350 2673 2759 2756 notandisque

476 2767 747 2833 aliorum
804 2769 1129 2854 erroribus
1184 2768 1484 2836 subtilior
1537 2773 1812 2838 fortasse
1884 2783 1952 2834 et
2022 2769 2298 2856 largior,
2371 2793 2564 2857 quam
2629 2793 2754 2835 cum

472 2867 735 2932 fastidio
774 2869 1047 2953 quodam
1087 2873 1345 2954 parcior
1388 2894 1532 2936 esse
1574 2872 1794 2939 malui.

602 3094 657 3159 *)
698 3093 851 3156 Quas
888 3075 1129 3146 fortasse
1165 3093 1314 3148 idem
1349 3096 1596 3150 Auo-atus
1625 3049 2024 3165 suppeditavit,
2057 3095 2216 3147 cuius
2245 3095 2602 3150 institutione
2629 3099 2750 3149 can-

352 3233 365 3247 ,
470 3184 659 3241 terus,
701 3178 835 3230 dum
868 3177 1095 3230 Parisiis
1130 3189 1472 3244 versaretur,
1511 3184 1625 3246 (an.
1662 3182 2070 3248 1559—1562.)
2101 3183 2160 3234 in
2187 3181 2411 3249 graecis
2437 3181 2624 3234 literis
2646 3181 2751 3249 plu·

469 3263 669 3314 rimum
702 3260 959 3332 profecit.
1028 3263 1297 3315 'I'estatur
1343 3263 1449 3317 hoc
1485 3267 1540 3317 in
1583 3266 1838 3334 Epistola
1873 3267 1946 3323 ad
1987 3265 2294 3318 Cornelium
2337 3263 2616 3320 Valerium
2649 3265 2750 3316 edi-

470 3349 611 3398 tioni
642 3345 1178 3414 1’epliA1-istotelici
1214 3351 1553 3416 praemissa:
1592 3352 1764 3420 „Ego
1804 3353 1922 3416 Te,
1959 3358 2018 3404 et
2053 3351 2096 3402 l.
2131 3352 2434 3413 Auratum,
2466 3357 2748 3416 utrumque

466 3443 741 3481 summum
780 3436 839 3482 et
876 3434 1173 3484 maximum
1212 3436 1419 3497 virum,
1458 3442 1853 3503 praeceptores
1889 3451 2170 3503 nunquam
2201 3435 2573 3502 poenitendos
2600 3450 2749 3502 agno·

465 3529 587 3567 sco:
644 3513 844 3582 quibus
891 3522 1158 3584 quantum
1200 3517 1435 3571 debeam
1486 3519 1703 3586 (debeo
1742 3525 1927 3571 autem
1969 3519 2346 3588 permultum)
2404 3523 2464 3571 et
2505 3519 2740 3587 privatim

464 3598 737 3662 libenter,
784 3605 845 3652 et
875 3601 1122 3668 publice,
1162 3617 1285 3654 cum
1322 3603 1493 3655 datur
1528 3605 1784 3667 occasio,
1819 3609 2088 3655 testatum
2127 3603 2284 3656 soleo
2323 3591 2588 3656 reddere.
2645 3602 2741 3653 lta·

466 3697 577 3750 que
622 3685 772 3736 sicut
818 3689 947 3736 ante
996 3683 1117 3738 dies
1150 3686 1366 3754 aliquot
1401 3686 1792 3755 Lycophronis
1825 3687 2180 3742 oraculorum
2218 3687 2606 3754 conpendium
2633 3699 2744 3736 ver-

464 3766 619 3816 sibus
650 3767 913 3820 brevihus
955 3776 1193 3838 utraque
1238 3772 1431 3840 lingua
1467 3775 1837 3840 conscriptum
1873 3775 2084 3827 Λευ-ατο
2129 3775 2285 3836 misi,
2319 3774 2401 3825 its
2436 3788 2584 3824 nunc
2611 3769 2744 3822 baec

460 3836 777 3903 ili-istotelis
816 3855 1064 3906 carmina
1108 3860 1375 3924 tanquam
1426 3871 1464 3907 o.
1503 3859 1737 3909 mortuis
1775 3864 2040 3909 revocata
2075 3859 2177 3909 sub
2212 3859 2337 3909 Tuo
2376 3860 2595 3908 nomine
2625 3870 2746 3922 pro-

462 3931 609 3986 ferre
653 3935 803 3987 volui
823 3973 839 3998 ,
888 3942 1056 4005 atque
1106 3937 1213 3992 hoc
1260 3947 1425 4009 pacto
1475 3943 1624 4009 grati
1671 3947 1729 3993 et
1776 3943 2036 3995 memoris
2085 3943 2255 3994 animi
2289 3941 2742 4012 significationem

460 4017 705 4085 aliquam
749 4017 954 4071 dare.“
