2917 4950
408 349 585 408 nu
1252 321 1874 394 PRARF‘ATIO

414 513 837 606 desideret,
910 514 1071 590 hoc‘
1118 537 1379 592 meum
1444 513 1546 590 de
1609 515 2276 592 eorum'lectione
2330 517 2732 592 silentium
2803 533 2806 540 ·

414 646 549 712 aut
582 633 775 710 mihi
822 635 1017 712 vido
1066 649 1324 715 vertat
1372 646 1508 710 aut
1553 633 1708 708 sibi
1757 634 2011 710 fraudi
2061 659 2238 711 esse
2291 639 2664 736 patiatur.

676 1017 1021 1098 coDEx
1066 1021 1794 1100 BIBLIOTHECAE
1843 1020 2458 1100 VATICANAE.

442 1280 450 1289 .
564 1287 581 1296 ,,
612 1205 797 1300 Qud
832 1207 1251 1296 Vaticanus
1297 1213 1515 1285 1307.
1564 1209 1750 1287 olim
1781 1207 2044 1284 Fulvii
2081 1207 2390 1300 Ursini,
2443 1208 2734 1284 saeculi

411 1322 726 1416 decimi,
777 1325 1439 1419 membranaceum,
1489 1328 1740 1402 forma
1767 1325 2028 1425 quadr.
2058 1326 2274 1401 foliis
2329 1331 2506 1420 112,
2549 1349 2730 1427 quo-

410 1467 581 1517 rum
628 1451 665 1518 1
694 1485 797 1498 --
824 1451 945 1516 44.
998 1446 1391 1520 continent
1422 1443 1939 1544 Lycophronis
1968 1443 2515 1520 Alexandram
2561 1467 2728 1518 cum

411 1561 681 1656 glossis
758 1563 1377 1638 inter-linearibus
1456 1563 1930 1660 scholiisque
2021 1565 2303 1638 incerti
2393 1565 2728 1638 auctoris

406 1681 493 1752 in
552 1681 895 1774 margine
960 1681 1383 1778 adscriptis.
1503 1680 1886 1754 Poematis
1935 1680 2454 1779 paraphrasin
2508 1681 2730 1757 exhi-

408 1797 592 1872 bent
648 1800 1047 1894 sequentia
1124 1796 1480 1871 undecim
1543 1799 1766 1890 folia,
1829 1820 2151 1896 quorum
2217 1809 2396 1872 octo
2462 1802 2726 1897 priora

407 1940 551 2014 per
618 1939 985 1992 errorem.
1027 1916 1492 2012 transposita
1557 1929 1806 2007 suut,·
1849 1918 2254 1992 interiecta
2321 1922 2579 2016 parte'
2621 1941 2725 1992 ex

404 2033 626 2109 Arati
658 2033 1239 2108 Phaenomenis.
1336 2033 1481 2109 Cui
1521 2033 2007 2110 incommodo
2055 2035 2446 2108 medelam
2497 2059 2726 2134 quae·

408 2154 595 2228 sivit
654 2153 763 2242 is,
844 2153 980 2252 qui
1040 2150 1403 2226 Codicem
1469 2153 1830 2226 foliorum
1903 2156 2242 2228 numeris
2308 2155 2721 2244 instruxit3

406 2268 547 2345 sed
591 2293 841 2369 neque
890 2292 1066 2344 eum
1114 2293 1281 2342 rem
1320 2283 1664 2345 accurate
1713 2281 2078 2344 tractasse
2123 2276 2388 2346 statim
2435 2274 2725 2347 intelli—

407 2401 567 2486 get,
620 2392 751 2488 qui
799 2387 1302 2487 paraphrasin
1357 2387 1457 2463 ad
1508 2401 1786 2488 poetae
1831 2390 2074 2464 verba
2126 2389 2543 2489 diligenter
2585 2413 2720 2465 ex-

408 2512 676 2599 cutiat3
727 2505 1028 2583 videbit
1078 2507 1285 2579 enim
1324 2508 1515 2581 folia
1556 2511 1896 2583 numeris
1944 2515 2063 2584 51.
2103 2512 2222 2584 52.
2265 2515 2385 2583 53.
2427 2518 2549 2585 54.
2601 2514 2716 2583 55.

404 2629 774 2723 inscripta
804 2626 891 2700 in
919 2624 1119 2697 hunc
1164 2624 1514 2700 ordinem
1561 2650 1730 2701 esse
1766 2626 2215 2725 redigenda:
2271 2632 2394 2701 51.
2442 2633 2562 2704 55.
2600 2632 2715 2701 52.

412 2749 530 2817 53.
583 2750 701 2818 54.
764 2740 895 2817 ubi
960 2744 1195 2816 etiam
1244 2744 1654 2842 apparebit
1702 2756 1940 2821 totam
1991 2748 2152 2819 fere
2204 2746 2718 2845 paraphrasin

405 2865 493 2936 in
550 2862 830 2938 Codice
890 2863 1265 2936 contineri
1330 2860 1616 2960 (usque
1683 2862 1786 2938 ad
1844 2886 1920 2969 y.
1975 2862 2278 2960 1440.),
2351 2877 2432 2938 et
2481 2886 2716 2939 unum

379 2977 936 3055 'tantummodo
1002 2980 1283 3075 folium·
1322 2981 1407 3053 in
1455 2982 1609 3055 fine
1659 2982 2164 3057 intercidisse.
2263 2982 2714 3057 Inscribitur

342 3169 362 3189 ,
410 3111 665 3174 autem
728 3099 920 3174 haec
988 3097 1481 3197 paraphrasis
1523 3102 1672 3173 ita:
1743 3106 1995 3173 ολαιου
2043 3093 2510 3197 λυκόφρονος
2549 3096 2712 3171 ἅλε-
2777 3126 2790 3141 ·

917 3212 949 3263 λ

257 3301 276 3322 “
408 3278 731 3373 &rapas
788 3303 975 3374 σχοε·
1035 3284 1339 3357 omissis
1386 3285 1484 3359 ab
1525 3286 1747 3359 initio
1791 3309 1943 3359 una
1982 3285 2428 3384 pluribusve
2464 3284 2708 3359 literis

406 3415 493 3475 ut
541 3413 811 3500 postea
860 3422 908 3471 a
957 3401 1423 3477 rubricatore
1477 3404 1965 3478 adderentur.
2065 3404 2184 3479 De
2241 3428 2392 3504 qua
2443 3402 2708 3477 inscri-

408 3524 672 3620 ptione
702 3530 973 3618 postea
1013 3519 1113 3594 ad
1132 3519 1464 3596 Tzetzae
1492 3524 1798 3599 Scholia
1831 3521 2146 3595 dicetur.
2197 3512 2420 3613 Quod
2451 3533 2705 3596 autem

405 3640 603 3714 hanc
649 3636 1155 3737 paraphrasin
1200 3640 1574 3736 integram
1623 3664 1824 3715 nunc
1871 3640 2055 3713 dare
2105 3642 2346 3737 potui,
2389 3642 2534 3715 hoc
2575 3638 2704 3711 de·

410 3761 554 3833 beo
614 3760 955 3835 maxime
1020 3756 1476 3833 humanitati
1527 3773 1752 3859 atque
1789 3760 2185 3833 ‘amicitiae
2234 3760 2404 3844 Viri
2453 3756 2702 3834 erudi-

408 3880 721 3970 tissimi,
772 3875 1166 3949 Rident-i
1210 3876 1601 3951 Gufflelnu·
1635 3878 2050 3970 Roesteffl,
2114 3880 2518 3973 legationis
2563 3876 2700 3951 Bo-

406 4000 739 4071 russicae
806 3991 1013 4091 apud
1064 3992 1351 4069 Sedem
1388 3995 1910 4095 Apostolicam
1961 3998 2060 4071 ab
2113 3999 2498 4097 epistolis,
2549 3993 2697 4092 qui,

411 4137 637 4214 quan
674 4100 1365 4212 parteinequidem
1411 4125 1738 4213 propter
1764 4118 2147 4191 infirmam
2182 4116 2706 4193 valetudinem-

410 4237 631 4308 citius
668 4236 913 4305 -Ro-ma
962 4230 1341 4306 decedens
1382 4236 1748 4309 intactam
1793 4235 2288 4333 reliqueram,
2335 4258 2508 4309 eam
2543 4251 2696 4304 non

414 4352 659 4425 solum
678 4347 1287 4423 “describendam
1335 4355 1635 4428 otu-avit
1651 4406 1676 4444 ‚
1745 4352 1884 4428 sed
1933 4351 2396 4463 descnipttun
2439 4369 2700 4429 exem-
