2917 4950
513 347 659 423 348
1044 338 1603 408 VARIRTAS
1663 336 2276 409 LECTloNIS.

512 556 571 595 v.
612 534 679 600 6.
770 521 1208 619 δαφνηφάγον
1246 523 1461 589 Vatic.
1511 526 1692 595 1306.
1769 522 1886 589 'Sic
1926 526 2169 611 pariter
2207 525 2433 611 legunt
2475 540 2540 588 et
2579 525 2759 589 Vatic.
2870 538 2871 579 Ὗ

840 630 983 699 117.
1046 639 1113 688 et
1164 622 1371 688 Palat.
1432 627 1574 695 158.
1677 624 1808 689 Sed
1862 628 2087 689 eadem
2126 628 2198 689 in
2239 639 2510 712 utroque
2552 647 2760 702 manus,

838 740 910 789 ut
952 726 1239 805 videtur,
1303 727 1357 791 ὠ
1410 726 1524 790 isti
1579 727 1623 793 ὁ
1679 728 2134 813 superscripsit
2174 738 2436 807 contra,
2501 739 2676 812 atque
2709 728 2759 787 in
2869 774 2871 819 j

836 826 1096 891 Selden.
1158 823 1253 889 fit.
1355 823 1467 889 Sic
1511 838 1578 889 et
1615 822 1864 891 Tzetze
1901 825 2140 911 legisse
2180 825 2438 889 videtur
2476 846 2568 890 ex
2605 825 2759 890 Com·

840 930 1195 1019 mentari0‚
1252 927 1544 1013 quamvis
1599 924 1968 990 alterutram
2021 922 2368 1018 lectionem
2387 928 2646 1017 pariter
2677 926 2761 987 sd-

835 1032 1066 1092 mittat.
1148 1026 1291 1109 Ego
1335 1039 1550 1089 tamen
1590 1019 1900 1107 ultorem,
1938 1048 2102 1113 quae
2144 1039 2244 1092 est
2277 1026 2350 1093 in
2387 1038 2613 1105 textu,
2645 1024 2759 1089 huic

836 1130 1031 1213 longe
1072 1125 1389 1212 praefero.
1437 1126 1560 1209 (S.)

506 1256 567 1295 v.
614 1236 675 1299 9.
764 1223 943 1307 (ἅναξ
980 1226 1176 1291 Bar.¹
1236 1216 1409 1304 ὦναξ
1452 1224 1629 1290 Seld.
1679 1226 1809 1310 (P.)

585 1367 670 1378 --
768 1324 948 1406 ὦναξ
970 1324 1176 1389 Palat.
1212 1328 1354 1394 139.
1406 1324 1734 1391 Alexand.
1769 1348 1883 1391 seu
1921 1326 2286 1392 christinae
2321 1327 2630 1413 reginae,
2667 1323 2759 1387 Ca·
2870 1330 2871 1333 ’

835 1448 973 1492 san.
1031 1424 1231 1488 chart.
1284 1413 1341 1488 ὦ
1392 1417 1561 1505 aras}
1601 1424 1819 1491 Vatic-
1877 1426 2060 1497 1421.
2120 1420 2609 1507 ᾍναπεπάζων
2641 1422 2760 1487 vat.

833 1531 976 1600 117·
1025 1522 1147 1609 (S.)
1461 1542 1468 1549 ·

503 1655 564 1693 v.
606 1634 705 1699 10.
770 1625 1013 1708 διιχνει
1080 1622 1334 1690 videtur
1386 1588 1630 1709 legisse
1695 1623 2078 1689 Theodorus
2125 1622 2341 1705 Besa,
2399 1626 2576 1710 quod
2619 1622 2763 1707 cxpl.

823 1730 1243 1813 pervestiga,
1284 1724 1364 1786 ad
1404 1724 1489 1787 D.
1533 1724 1752 1788 Lucae
1793 1726 2040 1811 Evang.
2087 1748 2226 1811 cap.
2258 1724 2311 1793 Ι.
2359 1746 2525 1789 com.
2565 1728 2622 1797 7.
2665 1724 2762 1806 (P.)

587 1865 671 1877 -
769 1824 1011 1907 διιχνει
1068 1822 1319 1887 'rh-eod.
1366 1820 1545 1887 Beza
1595 1825 1676 1887 ad
1735 1823 1819 1889 D.
1872 1824 2093 1890 Lucae
2145 1826 2394 1909 Evang.
2439 1847 2588 1909 cap.
2620 1826 2684 1903 1,
2717 1825 2763 1889 3.

836 1938 903 1988 et
938 1945 1093 1987 sane
1137 1945 1279 1986 eam
1319 1922 1667 1987 lectionem
1698 1923 1954 2011 vulgari
1980 1926 2400 2011 praeferimus
2420 1971 2440 2005 ‚
2479 1924 2765 1987 reluctan-

834 2024 1004 2089 tibus
1042 2022 1201 2087 licet
1242 2022 1536 2087 omnibus
1577 2022 1739 2089 Mss.
1789 2016 2137 2110 δυςφᾶτων
2175 2026 2328 2090 Vat.
2367 2026 2558 2095 1421.
2603 2022 2706 2107 (S.)

500 2152 560 2191 v.
600 2130 699 2193 11.
764 2120 1000 2209 οἷ’μους
1035 2123 1336 2187 Vatican-
1382 2126 1528 2193 916.
1571 2128 1715 2196 972.
1767 2126 1948 2195 1421.
2004 2124 2210 2191 Palat.
2259 2129 2398 2195 142.
2446 2139 2518 2188 et
2568 2123 2764 2189 Casan.

829 2223 1093 2288 membr.
1144 2222 1267 2309 (S.)

503 2351 564 2390 v.
608 2330 703 2393 12.
761 2320 991 2391 σκότει
1030 2323 1207 2387 Seld.
1256 2322 1381 2407 (P.)

582 2460 665 2479 --
764 2421 987 2490 σκότει
1048 2422 1225 2487 Seld.
1287 2436 1588 2508 tanquam
1644 2444 1684 2486 a
1737 2418 2012 2505 σκότος,
2077 2446 2209 2504 sog.
2263 2422 2625 2512 ποδηγὲτει
2680 2421 2769 2486 alii

832 2527 1058 2608 imper.
1105 2534 1267 2586 teste
1310 2521 1578 2586 Tzetza.
1631 2522 1752 2606 (S.)

503 2651 565 2690 v.
600 2625 700 2693 13.
758 2619 1051 2707 βαλβίδα
1092 2619 1247 2686 Vat.
1282 2625 1429 2693 916.
1477 2635 1542 2686 et
1580 2620 1719 2686 Pal.
1759 2626 1900 2693 139.
1949 2625 2071 2708 (S.)

504 2751 567 2789 v.
602 2728 703 2792 15.
760 2715 1055 2812 ἆῤῥάξας
1090 2719 1242 2785 Bar.
1288 2721 1564 2787 observa
1606 2721 1712 2786 hic
1749 2721 2194 2805 Scholiasten,
2241 2739 2306 2789 et
2348 2748 2437 2790 ex
2480 2729 2768 2814 antiquio-

836 2818 1011 2884 ribus
1073 2822 1252 2885 editt.
1310 2822 1656 2886 nonnullas
1711 2822 1880 2886 hunc
1926 2847 2181 2888 versum
2233 2827 2448 2911 priore
2491 2825 2636 2891 loco
2676 2849 2770 2912 po-

840 2921 1047 2984 suisse
1103 2933 1251 2984 ante
1307 2915 1539 3008 ἄνειμι
1597 2937 1719 2988 etc.
1823 2923 1955 2988 Sed
2010 2947 2139 2988 non
2196 2926 2464 2990 multum
2504 2928 2768 3004 interest,

834 3034 1043 3084 utrum
1111 3020 1233 3084 hoc
1298 3019 1429 3107 vel¹
1485 3022 1604 3086 illo
1672 3023 1952 3088 colloces
1971 3071 1991 3105 ‚
2065 3047 2210 3090 cum
2261 3047 2490 3091 sensus
2543 3031 2773 3112 integer

832 3141 1093 3206 prorsus
1140 3134 1205 3183 et
1243 3121 1415 3184 idem
1457 3137 1734 3188 maneat.
1783 3123 1909 3209 (Ρ.)

587 3257 670 3268 ——
761 3215 963 3286 νῦσαν
990 3218 1129 3283 Pal.
1170 3223 1309 3290 158.
1356 3219 1699 3287 Caeterum
1731 3225 1900 3311 apud
1925 3225 2176 3311 aliquos
2204 3247 2431 3292 versus
2457 3230 2578 3292 iste
2607 3251 2768 3314 prae-

786 3341 791 3346 ’
834 3319 1003 3383 latus
1044 3320 1298 3383 videtur
1338 3324 1740 3388 antecedenti
1760 3371 1780 3403 ‚
1827 3325 1944 3390 sed
1983 3325 2148 3390 nihil
2189 3325 2271 3388 ad
2309 3321 2586 3393 sensum.
2633 3329 2740 3412 (S.)

506 3425 700 3489 v.16.
762 3415 971 3488 αἰπὺν
1014 3442 1142 3483 ιιοιι
1184 3425 1477 3505 agnoscit
1517 3419 1668 3488 Bar.
1729 3425 1838 3490 Al.
1895 3419 2206 3512 Φηγίνὸυ.
2251 3425 2377 3511 (Ρ.)

590 3555 668 3568 -
763 3515 1047 3606 ’φηγίνου
1086 3520 1273 3582 alii.²
1280 3521 1453 3640 ae(S.)

505 3646 567 3684 v-.
610 3626 708 3692 17.
768 3611 1093 3722 Α1.ὖπὲρ
1132 3621 1409 3690 noscito·
1454 3623 1579 3708 (Ρ.)

586 3756 669 3768 --
766 3711 938 3804 ὑπὲρ
980 3717 1235 3784 ποτᾶτο
1279 3721 1593 3786 nonnulli.
1607 3723 1638 3766 3
1682 3725 1802 3808 (S.)

504 3845 566 3883 v.
602 3823 705 3888 21.
765 3811 1008 3896 λύαζον
1041 3817 1179 3881 Pal.
1218 3822 1356 3892 139.
1404 3835 1471 3884 at
1511 3817 1732 3906 λυάζω
1775 3825 1853 3886 de
1895 3824 2174 3910 garrulis
2216 3847 2291 3890 ac
2321 3827 2640 3905 seditiosis
2669 3823 2770 3885 ho·

833 3914 1109 3980 minibus
1164 3924 1459 4006 usurpari
1514 3920 1690 4009 lieet.
1780 3918 2190 4008 ἕσχάζουσαν
2242 3929 2308 3992 in
2366 3939 2542 3990 textu
2589 3938 2656 3987 et
2708 3924 2770 3984 in

834 4013 1097 4080 scholiis
1135 4017 1288 4083 Vat.
1314 4025 1459 4090 972.
1513 4021 1632 4104 (S.)

604 4227 660 4292 1)
702 4226 859 4279 Leet.
900 4242 1078 4296 marg.
1114 4230 1271 4282 Cant.
1310 4247 1344 4284 e
1384 4231 1557 4284 Besil.
1585 4233 1628 4284 1.
1667 4232 1724 4284 in
1761 4231 1947 4286 Schol.

602 4318 659 4377 2)
702 4313 1002 4373 Canterus,
1039 4319 1100 4364 ut
1134 4313 1387 4380 videtur,
1422 4333 1453 4368 e
1489 4317 1767 4371 Favorino
1804 4317 1900 4370 fol.
1926 4322 2057 4384 ‚522
2093 4319 2225 4370 edit.
2265 4319 2419 4371 Rom.

604 4398 661 4460 3)
696 4397 1051 4459 Editionum,
1090 4400 1243 4466 quod
1276 4401 1447 4452 sciam
1469 4436 1486 4463 ,
1519 4399 1690 4454 nulla‘.
1774 4403 1778 4408 '
