2917 4950
938 348 1587 444 nmroms,
2146 377 2375 436 xxva

71 561 610 638 notabiliores,
675 565 738 652 ὁ
787 559 954 658 (β),
1009 566 1074 690 y
1129 559 1242 657 (ν)
1283 553 1617 664 γύσσαγ,
1688 565 1759 642 6
1831 559 1935 658 (ε)
2011 541 2167 688 Β
2208 561 2375 658 (ἐξ).

67 687 168 762 Ιιι
232 691 384 763 fine
447 690 721 786 legitur
787 686 1282 787 Epigramma
1345 680 1613 787 λόγους
1678 685 2011 784 ἀτερπεῖς
2068 703 2207 763 etc.
2273 729 2377 742 —-

65 807 1072 906 f01.97-—100.Aeschylo·
1119 807 1617 884 Prometheus
1682 829 1851 880 cum
1910 807 2236 884 Scholiis
2298 821 2378 882 et

70 925 372 1000 Glossis
399 927 735 1002 interlin.
794 927 1082 1002 Deest
1057 929 1360 1002 mitium
1409 923 1737 1000 fabulae.
1790 965 1893 978 —-
1950 927 2080 1001 fol.
2117 931 2377 1002 100-—

75 1047 226 1117 129
271 1057 453 1118 rect.
520 1032 882 1142 Aeschyli
911 1045 1226 1144 Septem
1272 1041 1374 1118 ad
1421 1041 1729 1118 Thebas
1778 1065 1946 1118 cum
1996 1045 2245 1122 Schol.
2297 1057 2379 1120 et

27 1163 194 1235 nl.
257 1163 595 1238 interlin.
695 1163 937 1239 Deest
997 1165 1082 1238 in
1149 1162 1410 1239 medio
1471 1161 1815 1236 dramate
1879 1162 2014 1237 fol.
2066 1165 2233 1238 120.
2271 1203 2375 1216 --

64 1281 204 1354 fol.
262 1273 526 1354 120-
545 1287 712 1357 146.
764 1280 1126 1379 Aeschyli
1163 1282 1442 1357 Persae
1508 1304 1678 1356 cum
1715 1281 2042 1356 scholiis
2078 1283 2377 1381 paucis·

71 1422 222 1495 que
271 1399 613 1476 Interlin.
725 1402 969 1477 Deest
1015 1401 1189 1476 finis
1241 1397 1609 1475 dramatis
1658 1401 1887 1476 unius
1934 1412 2021 1474 ut
2064 1399 2377 1478 videtur

65 1516 242 1591 folii
283 1515 606 1595 defectu.
656 1561 761 1574 —-
825 1521 954 1596 fol.
995 1523 1439 1595 147—227.
1469 1517 1802 1594 Hesiodi
1829 1517 2011 1620 ἔργα
2040 1514 2169 1590 καὶ
2194 1515 2377 1612 ἦμέ-

67 1661 237 1730 ραι,
310 1635 606 1725 duobus
665 1639 928 1730 libris,
991 1661 1312 1737 quorum
1381 1637 1577 1713 alter
1619 1639 1923 1738 'incipit
1981 1659 2031 1710 a
2084 1659 2160 1714 v.
2198 1641 2372 1712 383.

69 1753 203 1826 fol.
245 1758 412 1828 191.
474 1757 567 1830 In
608 1761 758 1832 fine
799 1757 1110 1854 legitur:
1159 1754 1387 1854 πέρας
1429 1753 1764 1852 πέφυκεν
1796 1751 2099 1850 τ’·μερῶν
2126 1748 2377 1827 Ἡσιό-

74 1865 242 1941 δου.
345 1871 670 1948 Adiecta
721 1889 895 1949 sunt
943 1875 1250 1948 Scholia
1299 1887 1380 1949 et
1433 1875 1753 1949 Glossae
1818 1874 2374 1950 interlineares.

71 2030 178 2041 —
223 1991 356 2064 fol.
394 1997 838 2066 128-138.
904 1989 1236 2066 Hesiodi
1279 1993 1593 2066 Scutum
1646 1991 2039 2083 Herculis,
2107 1993 2219 2066 ita
2256 1994 2375 2067 in-

71 2109 474 2205 scriptum:
541 2105 842 2204 βιβλίον
905 2105 1162 2204 τρίτον
1219 2113 1356 2180 τοῦ
1410 2101 1785 2180 Ἡσιόδου.
1882 2108 2176 2184 Textus
2223 2111 2377 2184 ele·

68 2229 516 2320 gantissime
572 2230 898 2328 scriptus
951 2238 1106 2319 est,
1177 2227 1344 2301 sine
1397 2227 1555 2302 ulla
1593 2225 2071 2354 scholiorum
2126 2251 2173 2302 a
2176 2253 2374 2304 c-ces

73 2347 316 2418 sione.
414 2347 505 2421 In
551 2349 736 2421 fine.

405 2498 504 2583 τῷ·
541 2496 932 2587 συντελεστῆ
969 2496 1100 2563 τῶν
1136 2495 1356 2563 καλῶν
1402 2496 1550 2585 θεῷ
1584 2492 1814 2585 zelote.-

411 2593 490 2661 τὸ
531 2590 842 2685 δεύτερον
879 2592 1157 2674 σκέπαις
1189 2618 1296 2679 με.
1346 2594 1426 2663 τὸ
1468 2592 1693 2683 τρίτον
1730 2590 1943 2684 φάοςε

403 2691 816 2779 ἔξευμενίζον
854 2693 978 2781 τῆν’
1009 2693 1257 2785 διπλῆν
1291 2716 1426 2783 μου
1465 2692 1763 2763 πεντάδα
1777 2720 1819 2763 .··

69 2852 242 2925 Fol.
292 2854 738 2928 139-143,
801 2852 1197 2951 Euripidis
1251 2852 1570 2929 Hecuba
1634 2876 1871 2953 usque
1940 2850 2041 2927 ad
2096 2876 2172 2930 v.
2198 2860 2371 2929 274.

69 2966 203 3041 καὶ
263 2962 486 3061 τήνδε
545 2967 811 3069 γραίας
875 2983 1014 3044 etc.
1127 2970 1404 3047 Tribus
1462 2971 1672 3045 foliis
1728 2974 1994 3047 vacuis
2064 2974 2376 3047 interie-

74 3090 217 3161 ctis
266 3087 606 3188 sequitur
658 3090 790 3163 fol.
840 3093 1296 3164 247-263.
1374 3088 1788 3163 Cleomedt's
1834 3086 2145 3180 κυκλικὴ
2178 3088 2377 3161 θεω-

68 3202 240 3302 ρία,
313 3207 700 3301 eleganter
763 3209 1084 3316 scripta,
1143 3231 1312 3283 cum
1363 3206 1689 3283 Scholiis
1752 3218 1833 3280 et
1894 3210 2153 3302 figuris
2216 3230 2377 3282 ma-

72 3324 506 3399 thematicis
549 3326 634 3399 in
673 3329 1018 3422 margine
1068 3328 1415 3425 appictis.

274 3458 588 3552 Codex,
649 3462 734 3535 in
796 3460 1369 3561 Lycophronois
1435 3471 1682 3552 certe,
1753 3458 2203 3537 melioribus
2252 3486 2373 3536 ac-

73 3579 503 3655 censendus
559 3590 696 3654 est.
795 3580 1203 3681 Conspirat
1243 3582 1590 3656 maxime
1642 3602 1810 3653 cum
1854 3580 2095 3679 Neap.
2139 3580 2232 3653 Π.
2260 3668 2266 3675 ‚
2295 3592 2375 3654 et

75 3696 304 3772 vind.
334 3698 426 3771 11.

174 3880 312 3980 ΠΙ
381 3898 952 3997 Vitebergensis
980 3907 1154 3978 272.
1169 3956 1192 3995 ,
1242 3901 1527 3977 saeculi
1558 3898 1837 3975 decimi
1868 3900 2113 3988 sexti,
2163 3897 2375 3973 char-

77 4018 663 4108 taceus,'forma
703 4020 1072 4111 maxima,
1121 4022 1328 4095 foliis
1376 4026 1543 4095 132.
1630 4018 1993 4095 Continet
2038 4016 2169 4091 foi.
2208 4022 2243 4091 1
2272 4058 2373 4071 -·

82 4139 254 4209 120.
317 4134 836 4235 Lycophronis
900 4138 1428 4215 Alexandram
1498 4160 1669 4211 cum
1716 4137 1990 4211 Isaacii
2040 4134 2373 4212 Tzetzae

75 4254 644 4348 Prolegomenis
683 4272 764 4331 et
785 4256 1372 4333 Commentario.
1452 4254 1853 4331 Praecedit
1878 4253 2370 4329 tetrastichon

77 4367 340 4467 βίβλος
387 4366 532 4467 μὲν
573 4372 976 4449 τελέθουσα
1025 4389 1166 4456 etc.
1265 4376 1637 4451 Adiectae
1688 4386 1867 4453 sunt
1914 4373 2209 4469 glossae
2257 4371 2372 4445 in-
