2917 4950
1069 341 1240 410 rnn
1257 341 1634 410 ιτῠη-ιε.
2362 365 2515 422 m

217 534 570 630 originis,
643 533 1039 608 &nfinanti
1117 533 1408 608 calamo
1470 531 2119 628 negligentis-ime
2149 547 2157 555 ·
2188 543 2517 608 mm

215 653 564 750 lectuque
611 651 1081 726 difficillima.
1181 652 1392 744 Quae
1441 673 1569 726 ren
1610 663 1691 726 et
1724 649 2521 750 mibidmpedimenoe

215 771 400 860 suit,
452 771 854 868 quominus
898 771 1232 868 aliquam
1277 771 1549 844 saltem
1588 771 1845 869 operis
1880 771 2331 868 particulam
2377 766 2509 842 de-

211 886 572 979 libarem3
644 911 872 986 quum
938 889 1306 987 pauculae
1367 885 1640 981 horae,
1709 887 1981 988 quibus
2044 887 2233 962 mihi
2282 885 2507 959 huius

210 1005 726 1081 Bibliothecae
779 1007 1020 1104 copiis
1064 1007 1180 1080 uti
1221 1007 1475 1098 licuit,
1520 1007 1667 1083 vix
1712 1007 2185 1106 sufficerent,
2230 1018 2317 1082 ut
2357 1005 2507 1098 Ly-

213 1125 676 1223 cophronem
717 1147 972 1200 meum
1006 1125 1572 1224 perlustrarem.
1652 1125 1743 1198 In
1788 1127 1939 1198 fine
1980 1124 2283 1200 Codicis
2326 1122 2507 1217 legi-

211 1257 336 1318 tur
383 1245 889 1342 fragmentum
939 1269 1048 1320 ex
1106 1239 1442 1344 Oppiam·
1483 1235 1938 1320 Halieuticis
1980 1241 2109 1317 lib.
2140 1241 2197 1317 1.
2240 1265 2314 1319 v.
2349 1244 2501 1313 253

209 1389 312 1418 -·--
340 1369 510 1437 449.
1505 1399 1518 1411 ·
2256 1365 2295 1377 ”

405 1583 832 1658 Librarium
895 1583 977 1655 in
1028 1581 1529 1682 Lycophrona
1594 1577 2099 1656 describendo
2151 1575 2505 1654 vetustis*

205 1705 406 1776 simo
459 1700 788 1800 quodam
841 1701 1272 1799 exemplari
1321 1723 1564 1774 usum·
1592 1719 1766 1774 esse
1812 1721 1972 1772 non
2022 1698 2273 1772 solum
2330 1718 2505 1795 pro-

206 1819 460 1892 babile
509 1821 594 1890 fit
647 1841 754 1890 ex
798 1817 904 1889 iis
951 1817 1182 1910 locis,
1227 1817 1359 1892 ubi
1401 1819 1769 1892 lectiones
1794 1817 2213 1890 Tzetziana
2244 1835 2509 1888 recen-

209 1940 432 2012 sione
475 1935 942 2032 antiquiores
987 1937 1074 2006 in
1123 1947 1343 2008 textu
1386 1937 1759 2030 leguntur,
1808 1935 1965 2012 vid.
1996 1959 2075 2011 v.
2108 1937 2273 2006 101.
2314 1929 2505 2002 θῖνα

205 2048 614 2151 φώσσωνα.
709 2073 785 2126 v.
833 2055 998 2124 136.
1051 2045 1246 2142 δίκῃ.
1341 2073 1415 2127 v.
1468 2057 1639 2125 452.
1700 2047 2123 2150 ὃγαστρίου.
2213 2074 2287 2129 v.
2326 2052 2501 2122 930.

205 2165 624 2271 Λαγαρίας.
706 2191 784 2242 v.
833 2171 1050 2240 1018.
1106 2162 1549 2262 ποιμαίνων.
1632 2191 1707 2244 v.
1755 2174 1973 2241 1177.
2026 2161 2505 2261 ταρμύσσου-

209 2312 413 2382 σαν.,
477 2285 616 2362 sed
679 2283 1008 2384 probant
1071 2273 1304 2359 etiam
1365 2287 1735 2360 lectiones
1798 2285 1973 2359 huic
2026 2285 2175 2359 soli
2236 2282 2505 2360 codici

204 2409 604 2509 propriae:
651 2427 726 2481 v.
755 2407 928 2477 213.
971 2399 1260 2483 λέοντος
1301 2404 1521 2495 οἴνης.
1587 2427 1661 2484 v.
1685 2395 2338 2484 436.’συνι9λοίσας
2376 2399 2504 2499 (cf.

205 2530 463 2623 Etym.
506 2526 608 2600 M.
651 2545 728 2622 p.
765 2526 898 2612 10,
951 2519 1070 2616 1.).
1151 2546 1230 2599 v.
1285 2528 1457 2597 438.
1500 2521 1847 2614 ὤχλισαν.
1928 2546 2005 2598 v.
2058 2524 2227 2597 784.
2266 2512 2503 2593 κατά-

205 2666 502 2723 σκοπος.
595 2640 917 2715 Accedit
959 2640 1184 2739 quod,
1225 2644 1290 2715 si
1329 2640 1835 2739 paucissimos
1876 2640 2089 2715 locos
2128 2640 2503 2739 excipias,

201 2766 330 2839 hic
375 2763 572 2836 liber
619 2756 720 2835 ab
763 2759 973 2833 omni
1012 2760 1603 2860 interpolatione
1642 2782 1881 2859 purus
1920 2782 2091 2833 esse
2124 2758 2501 2834 videatur.

204 2881 473 2957 Scriba
531 2902 719 2955 vero
783 2876 1171 2951 interdum
1231 2880 1733 2973 negligentior
1780 2882 1863 2952 in
1910 2875 2503 2975 transponendis

205 2998 804 3096 omittendisque
874 2995 1233 3073 versibus
1289 2998 1671 3093 peccavit;
1752 2997 2228 3095 transposuit
2290 2995 2501 3070 enim
2544 3009 2560 3027 ·

131 3148 142 3156 ·
205 3144 334 3198 vv.
372 3123 520 3194 729
566 3128 646 3191 et
690 3118 860 3189 730.
933 3140 1008 3192 v.
1045 3117 1350 3187 1020oe
1385 3118 1605 3189 1021.
1684 3138 1759 3191 v.
1796 3119 2013 3188 1029.
2060 3125 2238 3211 post
2278 3116 2495 3187 1032.
2575 3181 2588 3198 ,

203 3263 334 3316 vv.
385 3240 578 3310 1163
612 3244 690 3307 et
721 3238 936 3307 1164.
988 3243 1168 3330 post
1225 3236 1441 3305 1172.
1529 3255 1661 3311 vv.
1714 3236 2041 3306 1270——
2076 3236 2269 3305 1297
2318 3243 2497 3330 post

210 3360 405 3431 1323
447 3353 868 3429 collocavit.
959 3350 1237 3427 Omisit
1275 3362 1530 3426 autem
1572 3376 1699 3431 vv.
1733 3354 1855 3427 99.
1908 3352 2071 3423 175.
2121 3354 2285 3424 176.
2322 3354 2489 3423 858.

212 3480 427 3547 1065.
488 3476 705 3546 1238.
759 3474 974 3545 1239.

404 3654 636 3731 Liber
683 3650 1026 3727 nondum
1075 3663 1242 3727 erat
1289 3650 1637 3727 collatus.

305 3894 436 3968 Ex
495 3892 618 3967 his
684 3890 924 3967 tribus
985 3890 1226 3968 codd.
1288 3888 1607 3988 Neapol.
1676 3889 1947 3989 quibus
2007 3912 2148 3986 por
2213 3910 2496 3986 paucos

207 4024 500 4090 tantum
562 4012 732 4085 dics
789 4014 909 4085 uti.
965 4010 1157 4083 mibi
1213 4010 1461 4101 licuit,
1518 4032 1676 4083 non
1722 4029 2025 4081 omnem
2076 4009 2495 4105 scripturae

209 4130 806 4229 discrepantiam
897 4129 1208 4205 enotavi
1229 4182 1252 4220 ‚
1351 4127 1489 4206 aed
1566 4126 2104 4201 notabiliorem
2174 4138 2491 4206 tantun.

207 4250 434 4342 Quod
489 4250 666 4325 ideo
727 4247 1197 4323 monendum
1247 4258 1400 4338 est,
1462 4269 1563 4320 ne
1612 4246 1783 4345 quis
1832 4244 2191 4337 fortasse,
2254 4241 2493 4318 sicubi

207 4371 291 4443 in
323 4368 842 4445 Annotatione
875 4368 1138 4443 critica
1163 4364 1694 4441 horumcodd.
1724 4364 2191 4439 mentionem
2218 4363 2493 4437 factam
